2084 3025
288 132 369 186 Lis.
387 134 409 187 1.
445 132 529 188 CAP.
544 131 570 188 1.
583 134 612 188 2
802 130 855 190 ³50

23 266 26 272 .
47 236 84 288 Et
105 235 135 287 id
152 233 265 303 quidem
282 237 388 288 nemini
404 236 486 292 video
504 239 675 291 Graecorum
692 238 855 313 contigisse,

48 310 78 357 ut
88 306 161 357 idem
173 313 292 374 utroque
303 306 332 357 in
346 322 447 375 genere
459 309 626 369 elaboraret,
636 319 854 377 sequereturque

47 383 75 429 ct
87 376 159 426 illud
170 375 282 428 forense
298 377 423 440 dicendi,
445 385 474 432 et
488 378 542 429 hoc
553 380 675 447 quietum
692 377 855 447 disputandi

46 460 146 515 genus:
167 447 223 496 nisi
235 446 309 498 forte
321 445 482 501 Dcnretrius
493 448 645 501 Phalereus
654 450 684 500 in
695 447 748 501 hoc
760 464 854 500 uunrc·

45 530 79 569 ro
91 515 190 566 haberi
201 522 308 582 potest,
330 514 488 585 disputator
503 518 629 582 subtilis,
649 525 746 571 orator
757 532 853 585 parum

46 584 210 649 vehemens3
231 585 320 638 dulcis
330 592 433 651 tamen,
448 595 480 640 ut
490 587 676 656 Theophrasti
687 587 854 655 discipulum

45 656 138 723 possis
160 669 321 723 agnoscere.
356 657 416 710 Nos
430 666 522 711 autem
541 658 719 726 quantumin
736 665 855 725 utroque

47 724 259 792 profecerimus,
270 727 389 778 aliorum
402 728 440 778 sit
451 728 599 779 iudicium:
618 735 767 794 utrumque
779 734 856 779 certe

46 795 136 848 secuti
146 808 251 846 sumus.
287 796 313 847 4.
332 797 467 865 Equidem
479 803 508 848 et
520 796 665 848 Platonem
676 795 814 857 existimo,
830 794 857 847 sl

46 876 134 933 genus
145 862 265 921 forense*
272 865 380 917 dicendi
389 873 514 918 tractare
525 866 670 927 voluisset,
690 865 856 931 gravissime

46 942 75 987 ct
97 934 295 1000 copiosissime
314 936 440 1001 potuisse
457 935 563 986 dicere:
586 941 614 985 ct
629 931 857 995 Demosthenem,

46 1005 71 1055 si
81 1003 144 1066 illa,
152 1019 229 1071 quae
240 1019 257 1054 a
267 1003 384 1059 Platone
396 1002 541 1065 didicerat,
552 1000 687 1055 tenuisset
698 1009 727 1053 et
738 1017 857 1070 pronun·

45 1075 121 1125 tiare
130 1074 280 1136 voluisset,
297 1078 396 1126 ornate
408 1071 606 1141 splendideque
617 1073 710 1125 facere
721 1072 856 1140 potuisse.

46 1143 211 1210 Eodemque
230 1143 314 1194 modo
335 1140 369 1194 dc
385 1143 539 1195 Aristotele
561 1148 589 1194 et
606 1142 730 1195 Isocrate
748 1141 856 1193 iudico:

48 1226 169 1280 quorum
182 1216 309 1280 uterque,
330 1226 380 1265 suo
392 1212 486 1265 studio
499 1212 664 1275 delectatus,
688 1210 858 1277 contempsit

49 1283 181 1334 alterum.
216 1282 250 1334 ll.
267 1281 324 1334 Sed
346 1288 429 1350 quum
450 1282 609 1335 statuissem
632 1280 754 1333 scrihere
775 1280 811 1331 ad
827 1287 858 1332 tc

48 1351 157 1418 aliquid
169 1349 224 1402 hoc
235 1357 370 1420 ternpore,
391 1359 419 1405 et
429 1353 519 1403 multa
529 1349 655 1420 posthac,
674 1350 711 1403 ab
725 1365 758 1403 eo
771 1348 859 1401 ordiri

48 1421 129 1473 solui
139 1423 272 1484 maxime,
284 1422 357 1489 quod
371 1429 400 1474 et
412 1423 500 1475 aetati
510 1429 577 1474 tuae
590 1426 664 1473 esset
675 1420 858 1486 aptissimum,

49 1497 77 1543 ct
93 1490 263 1544 auctoritati
272 1504 364 1561 procae.
400 1493 472 1545 Nam
489 1508 572 1561 quum
585 1490 674 1543 multa
690 1489 787 1542 sintin
799 1487 859 1556 phi·

48 1560 196 1629 losophia‚
218 1567 247 1613 et
257 1564 354 1628 gravia
365 1570 393 1615 et
402 1559 499 1626 utilia,
520 1567 651 1614 accurate
663 1559 830 1625 copioseque
842 1572 860 1610 a

49 1630 228 1698 philosophis
245 1632 400 1714 disputata?
422 1628 859 1699 latissinrepatereridenturea

49 1717 121 1770 quae
142 1702 179 1753 dc
200 1697 301 1752 officiis
321 1700 429 1753 tradita
444 1703 479 1754 ab
494 1701 554 1753 illis
572 1707 600 1754 ct
616 1705 768 1768 praecepta
785 1703 859 1749 sunt.

48 1770 136 1823 Nulla
149 1771 226 1821 enim
239 1773 313 1822 vitae
325 1785 391 1838 pars
405 1783 494 1839 neque
502 1771 623 1840 publicis
633 1785 722 1837 neque
733 1766 866 1840 privatis„

43 1835 138 1908 vecque
148 1839 310 1892 forensibus
319 1856 408 1908 neque
421 1841 582 1894 domesticis
593 1841 621 1892 in
632 1840 725 1901 rebus,
733 1852 821 1906 neque
833 1833 860 1888 si

48 1917 141 1962 tecum
155 1925 225 1977 agas
236 1910 314 1977 quid,
330 1923 419 1978 neque
430 1911 454 1961 si
465 1925 527 1962 cunr
538 1911 629 1963 altero
640 1906 798 1971 contrahas,
813 1921 860 1958 va·

50 1996 115 2033 care
123 1979 220 2031 officio
232 1986 341 2046 potest:
363 1981 393 2031 in
409 1993 497 2048 eoque
513 1979 631 2046 colendo
649 1981 705 2034 sita
723 1980 799 2030 ritae
815 1982 859 2028 est

49 2048 184 2104 honestas
197 2050 301 2112 omnis,
323 2055 352 2102 et
363 2050 392 2099 in
402 2049 568 2119 negligendo
580 2047 731 2116 turpitudo.
767 2046 793 2099 5,
811 2047 860 2098 nt·

50 2135 103 2187 que
115 2118 186 2171 haec
198 2119 310 2185 quidem
321 2120 450 2186 quaestio
463 2112 859 2183 communisestomniumphi·
904 2115 912 2132 ¹

50 2189 244 2257 losophorum.
282 2188 351 2250 Quis
367 2195 411 2240 est
424 2191 509 2253 eninr,
530 2189 577 2257 qui
588 2189 671 2240 nullis
685 2187 770 2240 oliicii
780 2199 860 2253 prae·

51 2261 139 2326 ceptis
149 2258 296 2310 tradendis
311 2257 507 2326 philosophum
517 2274 549 2311 se
561 2257 661 2310 audeat
672 2255 781 2310 dicerci
803 2249 869 2312 Sed¹

52 2337 114 2380 nrnt
126 2327 279 2380 nonnullae
291 2327 463 2394 disciplinae,
475 2344 547 2397 quae
557 2328 710 2395 propositis
720 2328 860 2386 bonorum

52 2400 230 2450 etmalorum
242 2397 351 2462 tinibus,
363 2398 482 2448 officium
495 2413 576 2450 omne
587 2400 755 2465 pervertunt.
786 2390 859 2443 Nam

53 2472 96 2537 qui
107 2482 247 2519 summum
258 2466 361 2518 bonum
372 2468 414 2518 sie
426 2467 591 2529 instituitut
602 2463 673 2517 nihil
685 2463 786 2515 habeat
797 2472 860 2509 oum

53 2539 156 2590 sirtme
167 2537 354 2599 coniunctum,
368 2537 454 2604 idque
466 2538 524 2590 suis
536 2533 700 2592 commodis,
710 2544 766 2579 non
777 2523 860 2603 hone·

53 2606 266 2669 aeternaliter,
286 2606 345 2669 hic,
367 2608 393 2658 si
404 2606 458 2657 sibi
470 2606 531 2678 ipsc
547 2602 705 2658 consentiat
716 2602 745 2647 et
754 2606 875 2674 ξιφψὶπ
931 2639 937 2648 ,

55 2677 162 2729 tc'rdum
173 2677 293 2732 naturae
302 2677 426 2728 bonitate
443 2669 694 2738 vincemr,'nequo
710 2667 860 2715 8m¹⁰¹i¹i¹¹¹
