2084 3025
168 119 171 128 ¹
270 115 349 170 ain.
367 115 389 171 l.
425 115 509 171 ΜΡ.
522 119 552 171 7.
569 116 595 171 8.
613 116 640 172 9.
821 112 855 169 11

58 235 107 275 soa
115 219 479 291 lutilsscommentitiasque
488 222 652 284 sententias,
663 234 720 272 non
727 218 855 287 opificem

41 350 44 355 ,
57 292 316 358 aedificatoremque
325 292 430 353 mundi,
441 292 567 344 Platonis
578 293 612 344 de
623 292 740 344 'limaeo
751 290 856 342 Douma

55 368 193 415 trecanum
205 359 358 422 fatidicam,
368 359 527 412 Stoicorum
538 359 673 429 πρόνοιαν,
685 375 767 429 quam
780 359 858 411 Lati·

57 446 88 483 nc
106 430 173 481 licet
193 429 398 496 providentiam
416 431 519 483 dicere:
537 445 628 496 neque
643 445 709 482 vcro
724 429 858 480 mundum

56 501 150 566 ipsum,
170 500 265 551 animo
277 504 305 551 ct
316 500 441 551 sensibus
454 501 621 568 praeditum,
635 498 794 559 rotundum,
810 513 858 549 ro·

55 569 177 630 labilem,
198 568 343 620 ardentem
353 570 457 632 Deum,
477 575 608 636 portenta
618 576 648 621 et
659 569 792 620 miracula
803 582 859 619 non

57 637 248 690 disserentium
259 636 497 705 philosophorum,
512 638 561 691 sed
573 638 778 690 somniantium.
816 633 858 688 1o.

58 708 156 769 Quibus
168 709 242 759 enim
254 708 343 758 oculis
355 708 443 759 animi
454 709 557 759 intueri
568 708 662 775 potuit
673 712 766 759 vester
776 704 859 757 Plato

59 776 185 828 fabricam
196 776 278 827 illam
287 777 360 827 tanti
371 777 472 844 operis,
483 793 538 844 qua
549 779 673 829 construi
684 776 767 830 aDeo
775 783 859 843 atqus

61 846 194 897 aedificari
207 846 340 896 mundum
352 844 438 897 faciti
456 847 535 908 Quae
546 845 672 898 molitiol
691 862 761 914 quae
773 844 860 897 serra·

58 914 161 967 manta}
189 914 242 982 qui
261 914 371 966 rectem
393 930 464 983 quac
484 914 647 968 machinae!
672 915 719 983 qui
738 912 860 966 ministri

55 986 124 1036 tanti
134 985 260 1035 muneris
271 983 400 1036 iuenrntl
435 984 677 1046 Quemadmodum
692 990 785 1036 autem
795 985 860 1035 obe·

55 1053 113 1106 dira
124 1061 154 1106 et
167 1067 267 1118 parcre
277 1053 417 1106 voluntati
429 1053 575 1106 architecti
590 1058 651 1117 air,
670 1054 756 1122 ignis,
778 1067 860 1173 aqua,

15 1125 16 1138 ¹
55 1123 308 1192 tenapotuertrntl
335 1123 416 1176 Unde
425 1139 491 1175 voro
504 1132 584 1177 ortae
594 1125 663 1176 iliae
674 1124 793 1191 quinque
818 1136 861 1173 or·

54 1207 124 1254 mae,
139 1208 175 1243 ex
188 1192 286 1258 quibus
298 1192 409 1259 reliqua
419 1191 589 1257 formantur,
610 1200 675 1261 apto
685 1193 815 1244 cadentes
825 1189 861 1243 ad

55 1263 176 1313 smmum
188 1261 362 1313 efficiendum
377 1264 579 1331 pariendosque
590 1263 705 1315 sensus!
733 1261 859 1328 imoguru

54 1338 107 1394 est,
123 1330 162 1383 nd
185 1332 288 1383 omnia
325 1333 404 1394 Quae
415 1332 486 1384 talia
505 1339 579 1395 sunt,
599 1340 630 1384 ut
650 1338 748 1399 optata
762 1330 861 1397 magis,

54 1414 136 1468 quam
145 1402 265 1453 inventa
273 1401 428 1460 videantur.
463 1403 507 1455 20,
527 1401 581 1454 Sed
597 1402 648 1454 illa
659 1401 792 1469 palmaris
803 1401 861 1468 qui·

54 1471 125 1533 dem,
139 1470 225 1538 quod,
237 1472 282 1539 qui
292 1485 348 1523 noa
358 1471 442 1524 modo
453 1477 547 1524 natum
559 1471 689 1526 mundum
700 1470 862 1523 introduxe-

53 1543 99 1604 rit,
111 1542 162 1593 sed
174 1541 259 1592 etiam
270 1554 355 1592 mann
365 1556 451 1607 paene
462 1541 579 1604 factum,
599 1546 622 1594 is
634 1556 695 1593 eum
708 1540 810 1591 dixerit
820 1539 860 1589 io·

53 1624 84 1663 re
95 1610 305 1674 sempiternum.
340 1611 421 1662 Hunc
432 1626 529 1664 censes
540 1611 646 1678 primis,
657 1616 690 1660 ut
701 1609 810 1669 dicitur,
821 1607 861 1659 ls-

54 1680 114 1732 bris
126 1685 253 1745 gustasse
263 1678 479 1747 physiologiam,
500 1682 548 1749 qui
560 1679 720 1749 quidquam,
736 1677 809 1746 quod
817 1692 862 1729 or·

55 1755 117 1799 tum
127 1747 178 1810 sit,
193 1754 274 1813 putet
284 1755 427 1802 aeternum
439 1766 499 1802 esse
511 1749 610 1817 posset
647 1748 724 1811 Quae
735 1754 777 1800 cst
788 1747 861 1801 enlm

55 1817 264 1884 coagmentatio
279 1833 335 1869 non
349 1818 539 1872 dissolubilis!
557 1825 608 1871 aut
622 1818 689 1887 quid
705 1826 761 1881 cst,
783 1818 862 1869 cuius

53 1887 223 1953 principium
236 1887 350 1955 aliquod
360 1889 407 1950 sit,
414 1888 485 1941 nihil
495 1890 534 1940 sit
544 1890 715 1942 extremum!
734 1887 864 1941 Pronoea

53 1971 120 2008 sero
133 1957 264 2008 sinestra
275 1963 327 2020 est,
334 1957 439 2020 Lucili,
448 1957 562 2023 eadsm3
571 1960 692 2026 requiro,
703 1972 774 2026 quas
785 1954 864 2023 paul·

54 2023 177 2086 locante,
196 2026 354 2089 ministros,
372 2027 525 2090 machinas,
546 2042 655 2081 omnem
671 2028 759 2079 totius
770 2024 863 2093 operis

54 2094 279 2162 designationem
301 2103 385 2163 atquc
405 2104 583 2167 apparatum:
609 2098 652 2148 sin
668 2096 794 2158 aliaest,
816 2106 866 2144 uir

53 2165 207 2215 mortalem
221 2164 321 2216 fecerit
331 2166 475 2229 mundum,
496 2182 550 2218 non
562 2165 791 2234 quemadmodum
803 2162 866 2215 Pla·

53 2233 168 2284 tonicns
178 2233 265 2296 Deus,
278 2234 485 2300 sempiternum.
520 2236 568 2288 lX.
584 2233 627 2288 21.
638 2237 678 2287 nb
689 2241 808 2303 utroque
819 2247 866 2283 au·

52 2307 112 2355 tem
124 2303 268 2366 sciscitor,
285 2318 335 2355 cur
345 2304 441 2355 mundi
451 2303 646 2357 aedificatores
656 2311 771 2371 repente
782 2302 866 2354 exsti·

52 2372 158 2435 terint3
174 2373 391 2424 innumerabilia
402 2373 514 2426 saccula
526 2374 698 2425 dormierint.
717 2374 780 2427 Non
792 2372 864 2423 enim

51 2441 79 2493 si
88 2441 214 2495 mundus
224 2441 319 2492 nullus
331 2449 405 2505 mat,
425 2443 537 2495 saecula
551 2458 607 2492 non
622 2449 711 2494 erant.
747 2438 867 2491 Saecula

50 2524 128 2561 nnnc
138 2509 215 2571 dico,
232 2525 290 2561 non
301 2526 344 2570 ea,
362 2516 433 2579 quae
444 2511 550 2563 dierum
562 2511 741 2575 noctiumque
751 2521 866 2557 numero

51 2578 160 2631 annuis
177 2580 302 2631 cursibus
318 2580 509 2632 conficiuntur.
545 2579 618 2631 Nam
635 2579 737 2636 fateor,
757 2591 792 2626 ea
806 2574 867 2624 sins

51 2647 156 2700 mnndi
167 2650 351 2702 conversione
361 2648 435 2703 elici
445 2662 501 2701 non
510 2648 645 2715 potuisse.
656 2642 711 2696 Sed
722 2643 776 2693 tuit
786 2656 867 2706 quas·
