2084 3025
831 17 842 45 b

173 150 175 154 '
249 165 620 219 molisiacum:
781 164 832 220 111

51 270 152 323 denium
166 273 215 319 est.
235 266 294 319 166.
307 269 385 330 Quae
394 270 467 320 ratio
479 276 586 335 poetas,
597 269 833 336 maximequeiio·

50 355 150 401 merum,
165 336 288 404 impulit,
302 343 334 388 ut
345 339 513 405 principibus
524 336 647 400 heroum,
666 338 751 400 Ulixi,
765 337 834 389 Dio·

47 408 124 469 medi,
138 407 344 473 Agamemnoni,
364 406 476 470 Achilli,
495 415 586 460 certos
595 407 680 469 Deos,
697 407 834 460 discrimi-

48 494 105 528 num
116 482 142 527 et
152 475 336 541 periculorum
347 477 472 537 comites,
492 476 664 543 adiungeret.
683 475 834 529 Praeterea

46 548 158 613 ipsorum
176 544 298 596 Deorum
318 560 401 611 saepe
422 547 612 612 praesentiae,
634 545 730 612 quales
750 560 835 613 supra

49 613 262 675 commemorari,
285 612 447 676 declarant,
462 614 496 666 ab
517 612 606 666 biset
627 613 790 666 civitatibus
806 622 835 667 ct
937 633 941 642 ·

47 683 152 751 singulis
162 680 320 732 hominibus
330 683 446 734 consuli.
484 683 565 745 Quod
581 683 691 750 quidem
701 683 835 750 intelligi·

46 759 89 803 tur
107 752 185 803 etiam
201 752 451 818 significationibus
465 766 558 806 rorum
574 753 744 813 futurarum,
763 767 834 818 quas

45 828 100 871 tum
118 819 322 882 dormientibus,
342 827 401 871 tum
422 821 604 889 vigilantibus
622 819 835 888 portenduntur.

42 889 129 941 Multa
141 896 285 954 praeterea
301 893 431 953 ostentis,
450 891 541 942 multa
558 893 631 944 extis
646 888 835 952 admonemur,

42 959 185 1024 multisque
195 960 280 1010 rebus
296 958 373 1009 aliis:
394 974 463 1026 quas
473 959 620 1011 diuturnus
630 963 697 1008 usus
707 958 747 1008 ita
757 964 836 1009 nots·

41 1028 84 1090 rit,
94 1035 127 1077 ut
136 1033 223 1078 artem
235 1027 414 1078 divinationis
425 1028 562 1081 efficeret,
576 1025 636 1080 10⁷.
649 1026 738 1079 Nemo
748 1026 836 1095 igitur

39 1097 78 1147 rir
92 1111 208 1163 magnus
222 1096 282 1147 sino
297 1096 391 1162 aliquo
407 1096 501 1149 afflatu
516 1097 612 1150 diuino
627 1111 757 1162 umquam
771 1096 835 1150 suit.

40 1166 91 1218 Nec
100 1181 166 1217 vero
177 1166 219 1215 ita
228 1164 410 1217 refellendum
421 1173 477 1228 est,
494 1173 535 1228 ut,
554 1167 580 1217 si
589 1166 731 1234 segetibus
741 1166 787 1217 vei
796 1165 836 1216 vi·

39 1235 102 1287 netis
113 1235 268 1300 cuiuspiam
277 1240 429 1300 tempestas
440 1236 580 1298 nocuerit,
598 1241 647 1287 aut
658 1235 683 1286 si
694 1234 761 1301 quid
771 1234 837 1302 etvi-

39 1309 77 1355 tae
87 1303 242 1356 commodis
253 1318 332 1354 casus
343 1304 498 1367 abstulerit,
514 1320 586 1366 eum,
602 1305 648 1356 cui
659 1303 726 1372 quid
736 1301 835 1356 honam

39 1374 175 1436 acciderit,
191 1379 240 1423 aut
248 1371 367 1422 inrisum
377 1371 448 1435 Deo,
469 1380 518 1428 aut
527 1373 683 1440 neglectum
695 1372 783 1424 aDoo
793 1373 835 1423 iu·

42 1442 165 1494 dicemus.
201 1441 308 1509 Magna
317 1440 364 1490 Dii
375 1448 480 1505 curant,
488 1456 575 1507 parva
585 1439 740 1509 negligunt.
775 1441 836 1493 Ma·

40 1512 91 1578 gnis
110 1518 208 1565 autem
227 1511 296 1562 viris
316 1526 446 1576 prospere
466 1527 576 1579 semper
593 1511 724 1571 eueniunt
739 1525 835 1563 omncs

39 1594 87 1632 rcs:
106 1583 134 1633 si
151 1579 266 1650 quidem
283 1581 351 1630 satis
366 1595 384 1632 a
393 1583 496 1632 nostris
511 1587 541 1632 et
552 1596 568 1631 a
579 1580 703 1646 principe
713 1576 835 1645 pbiloso-

40 1647 143 1714 phorum
149 1651 271 1704 Socrate
281 1650 384 1701 dictum
397 1656 440 1703 est
450 1650 485 1704 dc
493 1648 670 1702 ubertatibus
680 1647 794 1700 virtutis
805 1654 835 1700 ct

39 1734 121 1785 copus.
306 1736 309 1739 ·
446 1760 448 1763 .
481 1755 484 1765 .

73 1787 186 1843 LXVII.
199 1783 258 1841 168.
269 1788 350 1840 Haec
357 1787 427 1840 mihi
436 1789 495 1841 fere
505 1788 535 1839 in
543 1794 667 1853 montem
676 1784 833 1850 veniebant,

42 1869 96 1920 quac
110 1856 234 1909 dicenda
251 1864 378 1924 putarem
394 1859 429 1910 dc
444 1864 545 1910 natura
557 1857 690 1910 Deorum.
726 1858 770 1909 Tu
785 1872 833 1908 ou·

41 1930 83 1976 ten
92 1929 188 1988 cotta,
210 1927 235 1976 si
245 1942 289 1977 me
299 1927 407 1990 audias,
423 1926 548 1978 camdem
559 1941 687 1978 caussam
697 1942 774 1994 agos,
791 1933 832 1978 tc·

42 2005 115 2057 quest
130 1994 290 2062 principem
307 1996 406 2056 civem,
427 2003 456 2048 ct
471 1996 632 2063 pontificem
645 2010 706 2049 esse
717 1995 832 2063 cogites,

42 2069 69 2123 ct,
85 2065 220 2131 quoniam
231 2066 261 2114 in
270 2070 416 2130 utramque
426 2072 533 2132 partem
544 2065 622 2116 vobis
634 2064 701 2117 iicet
711 2065 833 2131 disputa·

41 2130 145 2192 rabano
155 2134 254 2200 potius
263 2149 368 2184 sumas:
380 2149 496 2202 eamque
502 2134 663 2186 facultatem
670 2133 832 2197 disserendi,

41 2211 107 2261 quam
127 2202 186 2254 tibi
207 2218 225 2254 a
245 2201 394 2254 rhetoricis
420 2203 667 2255 exercitationibus
689 2219 753 2256 accc
774 2208 830 2255 tam

44 2270 214 2335 amplificavit
227 2270 387 2335 Academia,
407 2269 462 2323 huc
475 2272 569 2338 potius
584 2273 719 2325 conferas.
786 2271 832 2324 sla

46 2338 97 2414 πίω
109 2347 141 2392 et
153 2340 246 2407 impia
257 2340 426 2392 consuetudo
438 2348 490 2402 est,
501 2347 597 2395 contra
605 2342 681 2396 Deos
692 2341 833 2415 disputan·

46 2400 134 2467 trove
147 2425 186 2463 ex
198 2409 290 2461 animo
300 2410 331 2464 id
339 2411 380 2474 fit,
390 2410 449 2463 sive
460 2410 600 2464 simulato.
