2084 3025
227 149 284 203 nn
302 149 498 205 autema
517 150 601 205 cnr.
619 151 644 206 o.
663 123 719 206 10.x
791 184 798 211 „
832 151 867 207 o

46 258 147 309 voret.
185 253 240 308 Sed
255 254 320 323 qnia
334 261 436 309 natma
452 256 557 309 mutari
568 271 622 316 non
632 261 739 324 potest,
759 249 867 308 idcirco

47 341 143 378 verae
166 325 308 377 amicitiae
327 326 513 393 sempiternae
529 321 618 447 sunt'.)
640 328 740 378 Ortum
757 325 867 393 quidem

50 394 205 448 amicitiae
223 395 340 457 videtis,
368 396 422 447 nisi
441 396 510 464 qnid
531 396 567 448 ad
607 412 658 449 aec
676 396 752 448 forte
772 395 867 449 vultis.

48 464 163 517 anrr.
182 465 226 516 Tu
241 480 308 517 vero
324 480 423 533 perge,
444 465 535 518 Laeli
571 465 625 517 Pro
644 464 697 517 hoc
713 466 799 529 enim,
820 464 869 533 qui

50 534 155 587 minor
170 540 213 586 est
229 541 313 598 natu,
333 551 395 587 meo
410 536 471 588 iure
485 535 650 604 respondeo.
686 534 730 589 33.
748 533 868 588 Sciat.

52 605 149 658 Recte
162 609 192 654 tu
204 604 324 671 quidem.
360 606 546 669 Quamobrem
558 605 710 658 audiamus.

114 675 150 725 Χ.
169 673 273 727 Lusa.
290 674 390 728 Audite
401 690 477 742 ergo,
489 675 589 742 optimi
600 675 661 737 riri,
674 690 716 737 ca,
728 689 799 741 quae
810 689 870 728 sae·

55 744 177 812 pissime
192 744 267 795 inter
282 760 326 796 mc
342 752 370 798 et
385 744 544 811 Scipionem
563 743 597 796 de
613 744 739 795 aniicitia
753 744 870 796 dissere·

55 815 174 866 bantur.
206 813 380 882 Quamquam
391 815 441 867 ille
453 815 565 882 quidem
576 813 646 865 nihil
657 813 797 865 difficilius
808 828 870 867 esse

57 884 188 945 dicebat,
209 897 290 950 quem
305 884 457 935 amicitiam
473 899 561 950 nsque
576 884 611 934 ad
626 890 780 935 extremum
796 883 870 937 ritae

56 968 233 1022 permanere.
270 952 342 1003 Nam
352 953 410 1016 vel,
431 958 462 1004 nt
480 968 536 1004 non
547 952 620 1004 idem
632 952 872 1020 expediret[utri·

58 1021 146 1091 que]‚
163 1021 285 1074 incidere
297 1038 395 1089 saepe3
415 1024 473 1085 vel,
488 1030 519 1075 ut
530 1023 564 1074 de
574 1023 718 1092 republica
728 1038 783 1073 non
794 1022 870 1074 idem

57 1095 212 1145 sentirent:
233 1093 335 1142 mutari
345 1093 429 1144 etiam
440 1108 532 1146 mores
545 1091 686 1145 luiminum
702 1108 785 1160 saepe
797 1092 870 1144 dice·

58 1164 121 1225 bat,
133 1162 204 1213 alias
215 1161 339 1214 adversis
352 1163 444 1226 rebus,
460 1164 532 1214 alias
544 1170 637 1216 aetate
648 1164 869 1232 ingravescente.

57 1234 153 1300 Atque
163 1246 257 1283 earum
270 1247 363 1283 rerum
375 1233 530 1300 exeniplum
543 1250 576 1286 ex
588 1233 769 1286 similitudine
780 1233 869 1299 capie-

58 1303 112 1353 bat
122 1302 244 1354 inermtis
256 1302 372 1364 aetatis,
395 1304 469 1370 quod
486 1304 587 1355 summi
601 1318 750 1370 puerorum
759 1316 868 1353 amores

59 1386 148 1438 saepe
158 1386 214 1422 ona
224 1387 285 1422 cum
297 1379 444 1438 praetexta
454 1379 631 1439 ponerentur.
660 1371 703 1424 34.
715 1372 764 1424 Sin
776 1377 869 1423 autem

59 1443 98 1493 ad
111 1440 328 1500 adolescentiam
348 1442 555 1509 perduxissent:
574 1442 668 1493 dirimi
679 1448 774 1494 tamen
785 1442 870 1493 inter·

59 1514 129 1564 dum
145 1514 324 1564 contentione
340 1514 384 1565 vel
400 1515 516 1565 uxoriae
534 1512 715 1575 conditionis,
736 1511 781 1564 vel
797 1526 870 1563 com·

59 1581 141 1635 modi
151 1582 353 1650 alicuius,quod
365 1583 438 1635 idem
450 1584 568 1650 adipisci
577 1590 694 1649 uterquc
705 1598 758 1634 non
766 1587 869 1649 posset.

61 1652 187 1714 Quodsi
204 1653 248 1718 qui
265 1652 376 1721 longius
391 1653 418 1703 in
430 1654 555 1708 amicitia
565 1653 690 1720 provecti
701 1659 807 1713 essent,
827 1658 868 1701 ta·

58 1738 126 1775 men
145 1736 229 1788 saepe
247 1722 424 1785 labefactari,
445 1724 470 1775 si
487 1721 644 1774 inhonoris
662 1722 868 1775 contentionem

58 1791 237 1845 incidissent:
259 1799 367 1859 pestem
379 1793 451 1844 enirn
463 1794 597 1845 maiorem
612 1808 673 1845 csse
683 1792 789 1843 nullam
800 1789 868 1843 ami·

61 1861 149 1924 sitite,
169 1876 251 1929 qnam
267 1861 453 1931 in'plerisque
468 1863 602 1929 pecuniae
623 1861 816 1930 cupiditatem:
838 1860 868 1911 in

61 1930 176 1998 optimis
192 1929 345 1998 quibusque
360 1930 475 1984 honoris
491 1939 631 1985 certamen
648 1939 675 1985 et
692 1933 812 1999 gloriae:
833 1942 868 1982 ex
920 1987 926 1992 ,

60 2016 116 2069 quo
127 2001 291 2052 inimicitias
303 2003 439 2054 maximas
450 2018 534 2069 saepe
546 2003 617 2055 intcr·
627 2003 812 2055 amicissimos
822 2013 869 2053 ex·

60 2070 177 2122 stitisse.
213 2069 256 2123 35.
274 2071 379 2138 Magna
388 2073 460 2123 enim
473 2072 598 2135 dissidia,
617 2080 645 2126 et
655 2073 815 2139 plerumque
826 2071 868 2121 iu·

62 2148 108 2194 sta
118 2139 203 2202 nasci,
225 2155 309 2208 quum
319 2141 473 2208 aliquidab
485 2143 591 2205 amicis,
611 2142 684 2210 quod
696 2149 801 2193 rectum
812 2155 867 2192 non

62 2216 146 2275 esset,
158 2210 362 2277 postularetur:
383 2219 414 2262 ut
425 2219 473 2263 aut
483 2211 610 2264 libidinis
622 2213 751 2274 ministri,
763 2218 810 2263 :rut
821 2209 867 2259 ad·
891 2272 898 2284 .

60 2281 170 2332 interes
191 2287 284 2332 essent
305 2282 340 2332 nd
359 2281 497 2334 iniuriam.
536 2283 616 2346 Quod
637 2283 684 2349 qui
698 2285 867 2342 recusarent,

64 2350 188 2418 quamvis
199 2348 314 2403 honeste
325 2350 353 2401 id
365 2349 497 2414 iacerent,
507 2352 552 2404 ius
565 2358 658 2405 tamen
671 2353 810 2403 amicitiae
822 2349 868 2400 de·

63 2436 155 2472 serere
176 2427 359 2488 arguerentur
378 2422 413 2472 ab
429 2421 478 2481 iis,
498 2423 598 2488 quibus
614 2422 732 2486 obsequi
746 2419 866 2470 nollent:

61 2490 243 2552 dictantem,
266 2492 314 2557 qui
330 2490 440 2557 quidvis
451 2492 485 2542 ab
497 2494 587 2545 amico
599 2490 735 2543 auderent
745 2488 867 2556 postula·

62 2573 101 2623 re,
111 2561 300 2625 postulatione
310 2561 370 2628 ipsa
381 2561 517 2628 profiteri,
529 2563 622 2614 omnia
632 2575 663 2610 se
674 2560 757 2610 amici
768 2572 867 2609 caussa

63 2644 123 2682 osse
133 2629 265 2682 facturos.
296 2631 401 2682 Eorum
413 2632 527 2698 querela
537 2632 706 2682 inveteratas
718 2626 865 2678 anamodo

65 2697 270 2754 familiaritates
282 2702 423 2770 exstingui
434 2701 540 2764 solere,
558 2699 608 2752 sed
619 2699 703 2752 ctiam
714 2697 779 2749 odia
788 2694 867 2765 gigni
