2084 3025
193 186 244 238 198
364 184 405 236 Μ.
423 185 574 250 TULLII
591 184 822 260 elcEltoNrs

192 297 245 353 set,
257 295 288 340 ut
298 288 421 357 quidque
433 304 484 341 suo
494 290 560 344 loeo
571 296 726 361 reponeret.
746 283 789 358 (C
798 292 898 343 olum,
913 292 932 339 1.
943 290 1002 341 m

192 379 214 412 θ.
227 377 251 412 0·
278 394 285 408 ο
299 378 375 411 hii-⁴·

246 365 288 479 ll.
310 357 392 496 (ΧΗ).
405 430 467 479 Oec.
479 448 500 479 c.
512 448 536 498 9.
548 429 571 494 35.
586 427 640 500 ιι.)
674 428 816 495 Inprimis
825 427 1006 479 ,consideran-

183 499 258 550 dum
269 497 345 560 erit,
365 514 399 548 au
419 513 436 547 a
450 500 530 560 uino,
548 500 582 551 ab
599 500 684 560 escis,
706 514 723 549 a
743 497 1005 566 superstitionibus,

192 585 210 621 a
221 583 326 628 somno,
337 583 354 617 a
363 569 431 620 viris
442 570 629 621 remotissima
639 571 685 630 sit,
707 575 735 619 et
744 576 777 618 ut
786 583 856 618 cura
868 583 933 619 eam
943 567 1006 617 sub-

184 646 247 700 ¹tritt,
258 636 323 706 quid
336 639 575 706 meminisse‚quid
587 640 615 689 iu
625 645 770 708 posterum
780 641 950 703 prospicere
960 636 1006 688 de·

120 739 134 760 t
192 710 266 769 beat,
278 714 309 774 ut
320 706 379 759 fere
391 724 451 759 eum
463 724 570 762 rnorem
579 716 681 771 servet,
688 723 768 774 quem
780 708 880 758 villico
892 721 1005 773 praeee-

185 780 299 846 pimus:
312 779 440 844 quereiam
450 778 586 845 pleraque
598 779 705 829 similia
717 777 891 829 essedehent
902 778 934 827 in
946 777 1004 827 viro

192 857 275 915 atque
287 846 398 910 femina,
410 855 438 899 et
450 855 507 898 tarn
518 849 622 902 malum
636 850 734 909 uitare,
750 853 840 914 quam*
845 847 1004 912 praemium

190 926 269 971 route
286 915 424 968 factorum
441 932 562 984 sperare.
599 916 745 989 (Colum.
759 922 775 965 l.
787 918 846 965 ΧΗ.
861 934 882 965 e.
897 936 920 967 1.
930 917 953 980 ti.
966 912 1004 985 3.)

244 984 286 1039 12.
307 982 388 1054 (Xeu.
399 989 462 1038 Oec.
480 1007 501 1038 c.
511 1006 537 1056 9.
554 990 580 1052 ᾗ.
595 984 653 1057 14.)
688 985 835 1038 Postremo
854 983 901 1035 'his
923 985 1003 1036 rebus

192 1057 320 1110 omnibus
328 1055 505 1118 constitutis,
525 1056 597 1108 nihil
608 1054 678 1105 haue
690 1055 814 1107 arbitror
826 1052 1003 1106 distributio·

191 1141 254 1179 nem
267 1122 453 1193 profuturam,
474 1128 536 1188 nisi,
557 1127 653 1178 utiam
667 1125 734 1186 dixi,
755 1124 870 1175 villicus
882 1125 1003 1191 saepius,
1036 1165 1037 1172 ,

149 1204 159 1252 ’,
191 1195 383 1262 utaliquando
406 1202 498 1247 tamen
520 1196 649 1248 domiuus
667 1200 716 1245 aut
730 1201 863 1250 matrona
880 1195 1003 1246 conside·

190 1265 309 1326 raverit,
339 1264 637 1333 animadverteritque‚
655 1271 687 1315 ut
708 1264 851 1314 ordinatio
874 1266 1004 1317 instituta

192 1339 380 1389 conservetur.
417 1335 499 1397 Quod
518 1335 729 1400 etiamfiubeue
742 1334 863 1384 moratis
883 1334 1004 1387 civitati·

160 1462 164 1470 ‚
190 1407 242 1458 bus
254 1399 364 1487 semper
381 1411 424 1457 est
434 1405 625 1468 observatun13
646 1417 762 1474 quorum
779 1405 957 1470 primoribus
968 1410 1005 1455 at·

185 1491 244 1545 *que
259 1477 441 1543 optimatibus
458 1491 513 1528 nou
529 1476 599 1528 satis
610 1475 699 1525 visum
711 1479 754 1525 est
764 1474 854 1525 bouus
867 1475 949 1542 leges
960 1473 1004 1527 ha·

182 1547 265 1608 bere,
273 1547 328 1597 nisi
336 1545 464 1599 custodes
476 1554 571 1598 earum
583 1544 814 1614 diligentissimos
825 1545 904 1597 cives
913 1560 1002 1598 ereas·

190 1623 266 1679 sent,
288 1631 358 1682 quos
372 1616 476 1669 ‘Graeci
491 1613 676 1682 νομοφύλακας
698 1614 854 1681 appellant.
891 1617 1003 1667 Horum

191 1693 252 1738 erat
273 1685 409 1749 officium,
428 1700 491 1748 eos,
513 1686 562 1752 qui
580 1684 690 1752 legibus
705 1691 848 1751 parerent,
871 1686 1003 1739 laudibus

191 1756 332 1822 prosequi,
342 1771 394 1808 uec
404 1757 495 1808 miuus
506 1755 674 1810 honoribus:
696 1770 744 1807 eos
757 1761 861 1816 autem,
887 1757 936 1823 qui
949 1771 1003 1807 non

191 1831 330 1890 parerent,
342 1841 434 1892 poena
444 1827 591 1882 mulctare.
606 1821 696 1894 (Col.
709 1825 790 1874 lxii.
803 1842 824 1874 c.
837 1826 863 1877 ὃ.
874 1827 898 1888 i.
908 1843 948 1877 ro.
956 1828 1002 1891 sq.)

245 1888 287 1944 13.
310 1889 470 1961 (Xenoec.
487 1915 509 1947 c,
525 1912 564 1946 ro.
584 1889 677 1962 pro.)
711 1893 839 1960 Denique
861 1908 919 1945 rrno
942 1896 1002 1946 loco

191 1976 273 2030 quam
284 1962 398 2015 nisime
410 1961 552 2034 oportebit
563 1978 624 2015 eam
636 1963 802 2015 consistere:
824 1978 918 2030 neque
930 1966 1002 2016 euim

190 2032 350 2084 sedentaria
361 2034 421 2085 eius
432 2050 519 2102 opera
530 2039 585 2096 est,
607 2031 655 2084 sed
672 2032 755 2083 modo
774 2032 810 2083 ad
820 2032 910 2085 telum
923 2035 1001 2087 debe·

190 2102 232 2154 bit
243 2103 389 2165 aecedere,
401 2118 442 2166 ae,
453 2105 478 2156 si
488 2105 554 2173 quid
565 2102 665 2154 melius
676 2103 758 2164 sciat,
776 2102 894 2155 doceret
912 2105 944 2156 si
954 2103 1002 2155 nri·

190 2188 253 2235 nus,
275 2172 418 2224 addiscere
429 2175 464 2225 ab
477 2174 589 2240 eo,‚-qui
600 2172 663 2244 plus
673 2172 829 2240 intelligat,
845 2173 934 2224 modo
946 2188 1001 2237 eos,

190 2242 240 2308 qui
255 2242 346 2293 eibum
358 2240 488 2296 familiae
499 2244 665 2304 conficiunt,
685 2244 820 2294 inrisere:
842 2247 904 2293 turn
916 2245 1001 2295 etiam

190 2311 313 2365 culinam
327 2316 356 2362 et
371 2312 490 2376 bubilia,
509 2329 562 2364 uee
575 2312 667 2363 miuus
683 2312 829 2379 praesepia
840 2312 1002 2365 mundanda

187 2394 300 2431 curare:
312 2380 518 2434 valetudinaria
530 2398 650 2451 quoque,
663 2382 709 2435 rel
720 2383 746 2432 si
756 2387 858 2433 vacem
869 2384 906 2434 ab
917 2384 1000 2435 inibe·

190 2448 432 2512 uillis,ideutideu1
442 2454 562 2519 aperire,
580 2459 609 2505 et
621 2451 805 2504 immunditiis
814 2450 951 2515 liberare,
960 2458 999 2517 ut,

91 2566 93 2570 .
163 2518 167 2523 ’
189 2529 272 2582 quum
283 2533 327 2569 res
339 2522 472 2585 exegerit,
489 2521 752 2588 beneordinatalet
763 2522 877 2589 onusta]
888 2528 917 2573 et
929 2523 999 2574 salu·

187 2583 250 2637 bria
271 2586 467 2654 languentibus
485 2593 690 2657 praebeantur:
710 2591 815 2658 promis
835 2606 952 2661 quoque
972 2596 999 2644 et

188 2653 321 2705 ostiariis·
333 2656 441 2722 aliquid
456 2662 679 2727 appendentibus
693 2668 743 2714 aur
761 2660 946 2713 metientibus
961 2662 998 2712 in·

187 2725 335 2777 mesenus.
367 2723 780 2801 (Colum.l.Xch.5.§.8')
