2084 3025
158 106 209 164 1⁷0
320 103 364 157 u.
387 103 537 160 rocon
559 75 783 160 cressonis

156 209 591 284 sibiloreingratiamreditnm
603 210 800 263 arbitrabatur.
836 207 879 263 32
900 210 961 280 Ego

155 285 264 333 tantum
277 280 380 343 dicam,
401 280 475 348 quod
487 288 516 332 et
528 297 642 333 caussae
657 281 726 332 satis
743 287 771 332 et
781 280 810 330 io
820 279 903 331 illum
914 280 963 331 mi·

153 351 228 402 nime
239 349 337 401 durum
349 356 398 402 out
409 365 535 417 asperum
547 352 638 417 possit
647 366 717 402 esse.
744 350 819 411 Quid
830 351 906 401 enim
917 348 964 401 ha·

152 419 201 473 bet
212 419 407 487 turpitudinis,
427 421 544 487 Appium
561 421 707 471 Claudium
723 420 761 470 Μ.
779 419 888 470 Scauro
899 434 961 471 esse

152 488 313 541 inimicum?
334 491 422 553 Quid,
444 506 511 541 avus
533 491 591 542 eius
606 490 636 541 P.
657 488 788 541 Africano
808 505 867 540 non
889 487 961 540 tuit!

153 559 242 624 Quid,
258 558 329 610 mihi
339 560 392 626 ipsi
402 560 474 611 idem
484 560 556 612 iste!
577 559 660 623 Quid,
673 575 726 627 ego
738 557 800 608 illi!
819 558 901 620 Quae
911 558 961 608 ini·

97 685 103 694 ,
152 629 277 681 micitiae
295 628 422 681 dolorem
437 630 547 696 utrique
565 636 688 681 nostrum
701 628 824 679 fortasse
836 627 963 694 aliquan·

119 751 122 754 .
152 697 198 762 do,
210 698 329 751 dedecus
340 715 406 751 vero
419 711 494 752 corte
505 715 652 767 numquam
664 698 829 751 attulerunt.
847 696 965 749 Μαι·

153 769 260 822 oessori
270 768 399 821 decessor
414 769 516 820 invidit
529 775 557 820 et
568 770 659 820 voluit
670 784 732 820 eum
743 782 827 834 qnam
839 767 963 819 maxime

152 836 298 901 offensum,
315 854 370 904 quo
382 840 470 908 magis
482 840 570 906 ipsius
582 839 716 891 memoria
726 837 895 888 excelleret:
918 851 963 888 res

152 923 207 961 non
218 908 300 959 modo
312 924 367 959 non
377 909 530 961 abhorrens
541 923 558 958 a
569 908 777 969 consuetudine,
794 905 847 957 scd
857 906 962 957 usitata

153 977 305 1046 etiamnum
322 973 355 1030 ‘et
373 978 456 1030 valde
477 984 637 1045 pervagata.
673 977 796 1042 „Neque
816 990 888 1028 vero
903 982 961 1027 tam

151 1044 244 1112 „baec
255 1047 317 1113 ipsa
327 1048 490 1114 quotidiana
499 1063 545 1099 res
556 1049 674 1114 Appium
685 1045 832 1097 Claudium
851 1045 906 1096 illa
915 1043 964 1095 hu·

151 1150 170 1181 „
179 1116 314 1167 inanitate
324 1119 353 1167 et
362 1117 501 1184 sapientia
516 1117 673 1183 praeditum
685 1131 734 1183 per
744 1131 775 1166 se
785 1115 849 1181 ipsa
861 1114 963 1166 moris·

152 1191 234 1250 μοι,
254 1185 310 1236 nisi
325 1182 398 1238 bunc
409 1187 439 1238 C.
452 1187 562 1238 Claudii
577 1187 674 1239 fratris
690 1188 732 1254 sui
744 1185 964 1250 competitorem

151 1290 170 1320 ,‚
178 1255 237 1307 fore
248 1260 384 1321 putasset.
420 1254 463 1309 34.
479 1256 535 1318 Qui
546 1256 605 1308 sive
615 1255 750 1323 patricius
760 1254 821 1304 sive
833 1254 962 1320 plebeios

150 1330 250 1389 „esset
275 1325 411 1388 (nondum
434 1326 506 1378 enim
529 1333 635 1378 certum
658 1324 867 1386 constituerat):
900 1338 964 1376 cum

150 1393 231 1458 „hoc
248 1395 301 1446 sibi
318 1395 524 1449 contentionem
535 1395 596 1448 fore
607 1395 771 1462 putabat3‘f
786 1394 897 1459 Appius
917 1408 963 1443 au·

149 1469 208 1517 tem
219 1462 272 1517 hoc
283 1465 419 1519 maiorem
431 1466 530 1530 etiam,
550 1465 624 1533 quod
641 1465 720 1516 illum
732 1464 761 1514 in
773 1461 963 1515 pontificatus

149 1535 297 1602 petitione,
309 1536 338 1587 in
348 1536 464 1599 Saliam,
484 1537 513 1588 in
525 1537 626 1588 ceteris
636 1534 802 1587 meminerat
813 1532 904 1586 foisse
916 1548 964 1602 pa·

149 1603 273 1657 tricium.
298 1606 388 1672 Quam
400 1608 505 1658 obrem
517 1622 547 1658 sc
559 1604 679 1657 Consule
692 1618 781 1670 nequo
793 1603 964 1670 repollilra·

149 1678 222 1724 trem
232 1674 353 1738 volebat,
364 1677 495 1743 nequc’si
506 1676 641 1743 patricius
652 1679 735 1735 esset,
747 1688 844 1739 parem
854 1672 963 1725 Scauro

147 1740 211 1794 dore
228 1743 355 1808 videbat,
375 1744 431 1796 nisi
441 1743 513 1796 bunc
524 1745 619 1813 aliquo
632 1750 681 1796 aut
692 1750 768 1794 motu
780 1749 830 1794 urit
841 1741 962 1794 infamia

148 1810 323 1879 perculisset.
359 1812 402 1866 35.
425 1815 487 1883 Ego
499 1816 529 1866 id
540 1816 622 1866 fratri
632 1815 662 1867 in
673 1812 780 1864 bonore
791 1811 896 1865 fratris
907 1827 964 1864 am·

147 1879 275 1948 piissimo
291 1896 346 1932 non
361 1885 567 1936 concedendum
583 1889 693 1952 putem3
712 1883 884 1949 praesertim
907 1881 963 1950 qui,

148 1949 215 2018 quid
231 1964 310 2002 amor
329 1951 470 2005 fraternus
485 1955 594 2017 valeat,
615 1969 703 2020 paone
719 1958 833 2018 praetor
849 1957 961 2004 cetoros

147 2018 286 2072 sentiant
307 2049 339 2058 —
359 2023 395 2074 At
407 2023 479 2074 enim
491 2022 647 2076 frateriam
656 2036 713 2073 non
728 2022 809 2088 petit.
827 2049 865 2059 -
886 2018 963 2085 Quid

57 2119 60 2124 -
147 2086 227 2141 tumt
247 2087 278 2140 st
287 2090 337 2143 illo
348 2088 472 2144 retentos
486 2098 613 2145 aconcio
622 2093 689 2143 Asia
698 2092 834 2157 supplice,
852 2090 878 2141 si
889 2106 907 2141 a
916 2106 963 2143 nc·

147 2156 350 2226 gotiatoribus,
371 2161 397 2211 si
407 2178 423 2212 a
435 2162 603 2229 publicanis,
619 2162 646 2213 si
657 2162 692 2214 ab
704 2161 843 2223 omnibus,
866 2160 964 2223 sociis,

148 2227 268 2291 civibus,
292 2236 424 2282 exoratus
435 2233 595 2299 anteposuit
614 2231 714 2283 honori
733 2246 785 2282 suo
808 2229 963 2282 courmoda

147 2295 322 2364 salutemque
333 2300 503 2365 provinciae:
525 2307 674 2370 propterea
689 2306 773 2367 putas
783 2299 873 2351 semel
885 2298 962 2352 exul·

148 2371 271 2417 ceratum
283 2369 404 2418 animum
415 2374 472 2421 tam
483 2369 569 2423 facilc
584 2372 709 2438 potuisse
720 2368 835 2425 sanari!

199 2433 242 2486 lo.
263 2436 436 2503 Quamquam
453 2440 559 2491 inistis
577 2441 704 2491 omnibus
715 2441 812 2502 rebus,
854 2452 963 2491 raeser·

146 2498 198 2550 tim
214 2504 287 2567 apud
304 2501 431 2567 homines
445 2508 581 2562 barbaros
593 2508 687 2576 opinio
700 2508 762 2573 plus
774 2454 853 2558 solid
864 2523 961 2573 saepe,

49 2572 52 2575 '
147 2581 229 2632 quam
244 2586 289 2622 rcs
305 2572 373 2637 ipso.
412 2573 600 2636 „Persuasum
622 2582 665 2629 est
675 2576 772 2629 Sardis
784 2592 814 2628 se
826 2575 899 2627 nibil
909 2578 962 2644 Ap·

43 2674 53 2679 ,
80 2654 82 2660 s
147 2636 217 2708 „pio
230 2640 340 2711 gratius
356 2658 417 2698 esse
431 2643 574 2718 facturos,
595 2662 680 2721 quam
693 2647 718 2701 si
728 2647 762 2706 dc
773 2644 874 2701 Scauri
884 2644 962 2700 lama
