2084 3025
273 110 352 163 um.
370 111 426 163 111.
463 111 547 165 cir.
567 110 593 165 5.
610 111 636 165 e.
807 81 856 166 11'2

49 228 105 277 rus,
125 214 177 281 qui
188 229 286 266 recens
297 217 331 264 ab
344 214 457 266 illorum
469 222 561 268 aetate
576 213 641 279 tuit,
661 214 787 282 sepultos
799 231 859 269 eme

51 283 118 335 (ficit
136 284 364 336 Lacedaemone:
385 300 434 336 eos
452 292 483 336 tu
499 283 650 339 cantheriis
668 286 754 349 olbia,
774 284 859 338 nullis

51 354 212 414 ealonibus,
234 354 346 404 obviam
357 351 472 407 Vatinio
485 357 593 408 veniere
604 356 761 419 existimat,
782 357 859 409 etri·

50 423 169 473 ctoriam
182 423 279 489 populi
292 424 410 474 Romani
419 417 534 476 Vatinio
546 427 648 493 potius,
661 425 768 479 homiui
778 427 859 478 ruati-

50 506 92 554 co,
112 507 197 557 quam
210 492 249 544 M.
263 494 372 554 Catoni,
394 493 441 559 qui
451 501 510 545 tum
520 502 582 547 erut
593 497 729 563 princeps,
751 496 859 549 nuntia·

50 561 140 612 timei
162 561 241 626 Ergo
263 568 291 612 et
310 562 381 613 illud
397 563 536 627 insiliet,
556 565 629 632 quod
642 564 727 618 hodie
743 574 859 634 apparet

51 630 124 695 apud'
133 630 288 697 Regillum,
303 638 445 697 tamquam
456 634 606 700 vestigium
617 637 747 702 ungulae,
764 638 858 688 Caeto-

49 701 88 750 ris
97 700 165 765 equi
175 699 268 750 credis
278 701 355 752 esset
377 699 420 752 12.
437 701 536 755 Nonne
548 704 635 755 mavia
648 704 720 755 iilud
737 704 859 768 credere,

50 767 244 834 quodprobari
255 776 360 836 potest,
369 770 477 821 animos
487 773 696 838 praeclarorum
706 771 858 836 homiuum,

50 838 145 904 quales
154 838 202 887 isti
213 837 396 904 Tyndaridae
405 839 525 903 fuerunt,
540 841 650 894 divinoe
661 857 724 896 ecee
732 851 760 896 et
771 851 859 896 aeter.

49 921 109 968 uos,
126 922 211 973 quam
223 921 285 969 eos,
297 910 346 975 qui
356 907 444 961 semel
455 911 571 962 memati
581 919 682 975 meent,
694 915 819 981 equitare
830 923 859 969 et

47 976 77 1028 in
87 978 149 1028 acie
158 991 285 1043 pugnare
296 978 440 1044 potuisset
452 986 500 1030 aut
511 980 538 1030 ti
547 978 601 1033 hoc
611 981 673 1033 iieri
683 984 808 1048 potuisse
819 984 858 1036 ui·

48 1046 98 1108 cir,
108 1046 214 1098 doceas
221 1054 341 1112 oportet,
352 1049 507 1115 quomod03
517 1049 694 1103 ncciabellar
702 1054 791 1105 aniles
798 1070 860 1122 pro·

47 1114 133 1168 feras.
173 1112 216 1167 1³.
239 1118 310 1167 Tum
321 1118 463 1182 Lucilium
480 1121 521 1170 An
532 1120 595 1183 tibi,
615 1121 718 1189 iuquit,
735 1123 858 1178 fabellae

47 1184 199 1237 ridentur}
219 1186 317 1239 Nonne
334 1188 369 1237 ab
383 1190 414 1239 Α.
429 1187 574 1242 Postumio
590 1190 688 1243 aedem
704 1195 816 1247 caetori
830 1202 859 1248 et

47 1254 159 1307 Polluci
170 1254 273 1307 infore
286 1256 454 1309 dedicatam:
471 1274 563 1312 noune
572 1259 691 1313 Senatus
702 1265 858 1316 consultum

48 1324 82 1377 tle
92 1324 214 1377 Vatinio
225 1326 322 1378 rideat
343 1326 415 1378 Nam
426 1327 461 1379 de
471 1327 569 1398 Sagra,
589 1331 760 1385 Graecorum
771 1335 858 1386 etiam

47 1402 92 1449 est
102 1395 224 1461 vulgare
235 1398 424 1461 proverbium:
437 1399 491 1464 qui,
503 1400 727 1467 quaeafflrmmtt,
738 1405 859 1457 certiora

48 1480 108 1518 erec
119 1465 228 1527 dicunt,
245 1480 326 1534 quam
337 1466 397 1528 illa,
416 1482 486 1535 quae
497 1469 569 1537 apud
580 1468 707 1539 Sagram.
743 1473 797 1525 ilie
808 1474 858 1539 igi·

46 1542 94 1586 tur
105 1537 268 1587 auctoribus
280 1553 369 1590 noune
381 1538 464 1589 debes
474 1540 600 1592 moverit
618 1542 691 1594 Tum
703 1542 794 1604 Cotta,
805 1543 858 1594 Ru·

46 1607 184 1668 moribus,
197 1606 295 1673 inquit,
306 1623 412 1660 mecum
421 1622 539 1678 pugnas,
553 1608 656 1662 Balbe:
673 1624 727 1679 ago
737 1618 859 1665 autema

45 1677 214 1728 tentiones
226 1676 377 1778 requiro*
532 1747 548 1778 ,

447 1781 461 1808 *k
511 1806 513 1809 ,

46 1814 92 1868 Vl.
112 1814 157 1869 14.
171 1815 337 1881 Sequuntur,
348 1833 419 1884 quae
429 1817 525 1869 futura
535 1824 608 1871 sum.
645 1816 775 1888 Effugere
786 1819 857 1871 enim

48 1901 128 1938 nemo
139 1887 171 1937 id
183 1892 292 1954 potest,
312 1887 386 1953 quod
397 1887 520 1939 futurum
531 1894 583 1940 ert.
620 1886 710 1956 Saepe
720 1896 812 1941 autem
823 1905 858 1942 ne

50 1957 117 2007 utile
126 1957 244 2022 quidem
256 1962 300 2007 cst
314 1958 400 2019 scire,
421 1956 488 2025 quid
503 1955 628 2008 futurum
639 1961 685 2011 sit.
721 1957 857 2011 Miserum

50 2034 89 2077 ert
100 2027 187 2088 euim,
203 2024 273 2075 nihil
284 2027 476 2092 proficientem
488 2028 563 2095 angi,
579 2042 629 2079 uec
639 2027 741 2081 habore
753 2045 787 2079 ne
797 2028 858 2095 spei

34 2094 163 2162 'quidem
186 2100 356 2159 extremum,
386 2103 414 2148 et
434 2103 528 2147 tamen
548 2112 692 2149 commuue
712 2098 857 2149 solatium:

49 2166 216 2232 pracsertim
233 2180 316 2231 quum
330 2181 382 2217 vos
395 2166 481 2217 iidem
496 2166 555 2217 fato
567 2166 738 2219 timiditatis
750 2166 856 2219 omnio:

51 2236 120 2302 quod
136 2242 236 2287 autem
252 2250 362 2301 semper
376 2235 498 2287 exomni
512 2237 679 2289 aeternitate
693 2252 788 2290 verum
799 2235 857 2287 fue·

50 2307 90 2367 rit,
101 2306 131 2357 id
142 2320 207 2358 esee
218 2303 320 2356 fatum.
354 2304 428 2367 Quid
439 2305 526 2373 igitur
535 2307 622 2369 iuvat,
637 2314 686 2358 eut
698 2306 764 2374 quid
775 2305 858 2358 affert

51 2376 81 2426 ad
92 2374 266 2436 carendum,
286 2375 358 2428 scire
369 2374 476 2442 aliquid
487 2374 625 2437 futurum,
646 2388 730 2443 quum
740 2375 771 2426 id
782 2379 857 2426 certe

47 2443 175 2498 futurum
187 2445 242 2496 titt
256 2445 333 2497 Unde
343 2460 426 2513 porro
438 2445 494 2496 ista
505 2444 660 2497 divinatio?
671 2444 739 2506 Quis
750 2441 858 2494 invenit

51 2514 139 2569 iteum
157 2515 284 2567 iccorisi
305 2517 364 2583 quia
381 2514 498 2567 cornicis
519 2521 630 2565 cantum
648 2511 776 2565 notavitt
797 2509 859 2574 quit

51 2586 155 2640 sortes?
178 2586 280 2653 quibus
297 2601 349 2653 ego
365 2585 461 2638 credo:
484 2600 536 2635 uec
550 2598 664 2650 possum
682 2580 751 2632 Attii
766 2575 860 2636 Navii,

51 2672 126 2726 quem
137 2658 391 2722 commemorabas,
403 2657 503 2707 lituum
514 2660 701 2705 contemnere.
737 2644 801 2705 sed,
811 2647 860 2708 ‘1¹¹¹
