2084 3025
122 170 501 246 DENATURADEORUM
519 171 589 225 LlB.
600 172 646 226 111.
664 172 739 228 csP.
750 170 775 226 1.
810 170 862 228 1¹8

58 275 228 343 argumentis
243 275 324 327 tollit.
364 273 540 343 resapere
559 285 649 328 autern
669 275 863 346 disputationis

57 360 114 395 euros
124 342 254 410 partibus
264 345 366 396 duabus
376 355 490 410 quartae
500 345 649 410 intercidit.
679 346 752 400 Nam
758 357 863 467 bum

56 412 253 479 disputationis
269 414 376 466 Stoicae
387 430 468 482 pass,
487 430 571 482 quae,
591 413 665 468 Deos
676 415 758 485 prosi
774 417 864 470 issset

57 482 223 533 consuluisse
243 482 404 547 bominibus,
426 484 611 547 contendebat,
649 496 762 539 uattssor
781 502 865 556 argit·

57 551 153 606 nentis
164 550 303 603 nitebatur
319 557 356 614 (o.
366 552 566 622 argum.'L..ll.
577 553 606 605 in
642 566 700 618 ne).·
721 555 865 608 bonume-

58 620 142 671 eundo
158 629 187 671 et
199 631 298 687 quarto
311 638 381 689 quae
397 622 564 690 respondisse
582 620 664 675 Cotta
673 624 813 706 fingitur,
832 640 864 678 ea

58 691 113 739 sola
134 700 295 755 supersunt:
325 692 494 741 ολδ-40.
533 688 660 744 Ostendit
680 710 749 746 ensm
765 694 865 761 priano,

59 757 154 826 quibat
166 758 245 809 rebus
259 757 408 810 bominibus
423 759 588 811 consuluisse
598 758 648 812 Dii
663 761 805 826 dicantur,
824 779 866 815 eo·

52 844 119 879 ,runo
125 831 267 895 pleraque,
281 827 417 895 inprimis
426 827 569 891 rationem,
584 830 621 880 ud
630 829 765 882 bominum
776 831 865 898 perni-

59 895 126 948 ciem
140 898 281 959 concerti,
300 913 465 966 summosque
481 896 598 950 maanes
612 908 639 951 et
652 899 765 953 uirtutis
774 916 865 955 amatt-

60 965 178 1019 tissimos
183 968 342 1037 plerumque
352 970 425 1021 mala
430 968 553 1041 fortuna
563 983 624 1020 usos
634 984 697 1021 esse.

51 1090 80 1158 l.
97 1103 123 1159 1.
136 1066 231 1167 Quae
242 1122 325 1174 quum
334 1106 440 1160 Balbus
451 1107 581 1170 dixisset,
598 1112 658 1159 tum
667 1106 791 1162 arridens
802 1109 866 1161 Cot·

58 1182 99 1239 ta,
119 1177 199 1240 Sero,
215 1178 318 1244 inquit,
332 1177 411 1238 mihi,
427 1177 525 1240 Balbe,
541 1177 685 1244 praecipis,
695 1178 760 1246 quid
773 1177 866 1231 usten-

61 1245 134 1300 dam.
164 1249 228 1314 Ego
240 1248 323 1309 enim,
333 1253 362 1303 te
373 1245 539 1312 disputante,
549 1247 617 1314 quid
628 1248 867 1307 contradicerem,

60 1330 173 1371 mecum
193 1317 255 1382 ipse
276 1316 449 1379 meditabar,
473 1333 562 1383 neque
581 1323 638 1367 tom
658 1316 806 1370 refellendi
825 1315 869 1368 tui

62 1400 172 1449 caussa,
184 1400 267 1454 quaro
279 1400 320 1447 co,
332 1401 402 1452 quae
411 1386 503 1438 minus
513 1387 712 1454 intelligebam,
729 1386 869 1452 requiren-

62 1453 102 1507 ui.
139 1457 233 1518 Quum
255 1463 350 1507 autem
370 1471 420 1507 suo
442 1456 540 1524 cuique
556 1456 659 1507 iudicio
676 1458 714 1508 sit
728 1456 871 1517 utendum,

62 1524 181 1578 difficile
188 1526 268 1589 iaetu
278 1532 328 1588 est,
339 1541 383 1577 me
392 1525 421 1577 id
432 1529 546 1590 sentire,
556 1526 631 1594 quod
639 1533 671 1577 tu
680 1526 759 1579 velis.
777 1526 803 1575 2.
814 1524 870 1575 Hic

7 1660 8 1663 Ἴ
60 1594 211 1660 Velleius,
223 1595 331 1657 Nescis,
350 1596 450 1662 inquit,
467 1602 642 1664 quantacum
653 1593 871 1660 exspectatione,

61 1665 162 1728 Cotta,
182 1666 236 1716 sim
252 1665 450 1718 tevauditurus.
485 1662 623 1715 iucundus
633 1663 712 1712 ‘enim
722 1662 812 1713 Balbo
824 1676 871 1713 no·

61 1742 123 1786 stro
135 1749 230 1786 sernno
241 1741 306 1784 tuus
317 1742 414 1784 contra
424 1734 574 1800 Epicurum
585 1730 647 1783 tuit.
667 1730 810 1784 Praebcbo
820 1730 871 1798 igl-

61 1810 111 1856 tur
120 1820 167 1856 me
180 1817 233 1870 ego
245 1803 298 1852 tihi
307 1802 431 1853 vicissim
441 1808 580 1856 attentum
596 1808 693 1859 contra
703 1801 813 1854 Stoicos
823 1816 869 1852 uu·

63 1873 198 1926 ditos-em.
234 1870 323 1938 Spero
334 1873 416 1934 euim,
425 1878 462 1934 te,
472 1879 504 1923 ut
513 1871 598 1934 soles,
607 1871 677 1923 bene
687 1879 815 1939 paratum
824 1887 870 1923 re·

63 1942 132 1995 nire,
170 1942 197 1996 3.
207 1943 279 1992 Tum
292 1943 388 2003 Cotta,
404 1941 471 1993 Sum
483 1940 648 2003 mehercule,
658 1943 755 2009 inquit,
766 1939 868 1994 Vellei.

62 2012 162 2080 Neque
175 2014 249 2062 enim
258 2008 328 2061 mihi
338 2011 471 2076 parratio
483 2026 544 2079 cum
550 2011 657 2062 Lucilio
670 2018 722 2074 est,
734 2026 768 2063 ac
776 2017 868 2063 tecum

61 2081 126 2135 luit.
165 2081 223 2142 Qui
232 2081 354 2142 tandem,
369 2081 461 2147 inquit
471 2080 537 2133 illel
552 2081 624 2142 Quia
633 2080 710 2145 mihi,
721 2081 820 2149 inquit,
830 2078 870 2130 vi·

62 2152 146 2205 detur
167 2151 309 2216 Epicurus
331 2155 424 2203 nester
450 2148 484 2202 de
506 2150 568 2201 Diis
587 2152 792 2204 immortalibus
812 2165 869 2202 non

54 2235 238 2288 magnopere
248 2232 380 2286 pugnare.
412 2220 618 2273 Tantummodo
630 2237 732 2288 negare
741 2221 817 2273 Deos
829 2235 870 2272 es·

61 2307 91 2344 se
101 2307 160 2342 non
173 2288 273 2350 audet,
293 2305 327 2340 ne
338 2288 405 2355 quid
415 2289 538 2342 invidiae
548 2290 658 2353 subeat,
678 2298 727 2343 aut
738 2289 869 2343 criminis.

56 2361 156 2423 ,uuum
167 2374 236 2411 vero
247 2358 324 2410 Deos
334 2358 405 2410 nihil
416 2373 509 2426 agere,
527 2358 597 2412 nihil
609 2372 706 2414 curare
718 2361 870 2417 confirmat,

59 2428 254 2495 membrisque
264 2427 391 2479 humanis
401 2443 461 2481 esse
468 2428 620 2494 praeditos,
631 2429 870 2482 sedeorummom·

60 2499 181 2555 brorum
192 2513 272 2551 usum
281 2495 520 2553 nullum-habere:
541 2498 638 2551 ludere
648 2500 771 2557 videtur,
792 2493 870 2544 satis·

56 2587 115 2638 ,que
126 2575 245 2637 putare,
265 2566 289 2617 si
300 2567 417 2630 dixerit,
434 2584 495 2621 esse
507 2568 654 2635 qmmdsm
672 2568 783 2638 beatam
794 2567 872 2640 uotu-

60 2656 140 2699 ram,
156 2643 190 2690 ct
200 2643 352 2689 aeternam.
369 2637 396 2689 4.
406 2637 526 2694 ABalbo
538 2643 631 2689 autern
643 2632 873 2695 animadvertisti,

59 2709 161 2834 orzio,
173 2701 358 2831 gualfflnfflta
368 2705 519 2770 dictasint,
538 2719 684 2773 quamque,
695 2697 813 2751 etiamsi
823 2695 873 2746 mi·

121 2795 161 2832 rc.
200 2794 224 2830 s.
285 2822 289 2837 ,
