<?xml version="1.0" encoding="UTF-8"?>
<!DOCTYPE html PUBLIC "-//W3C//DTD XHTML 1.0 Transitional//EN"
    "http://www.w3.org/TR/xhtml1/DTD/xhtml1-transitional.dtd">
<html xmlns="http://www.w3.org/1999/xhtml" xml:lang="en" lang="en">
 <head>
  <title>
</title>
<meta http-equiv="Content-Type" content="text/html;charset=utf-8" />
  <meta name='ocr-system' content='tesseract 3.04.00' />
  <meta name='ocr-capabilities' content='ocr_page ocr_carea ocr_par ocr_line ocrx_word'/>
</head>
<body>
  <div class='ocr_page' id='page_1' title='image "./opera00nobbgoog_0785.png"; bbox 0 0 2084 3025; ppageno 0'>
   <div class='ocr_carea' id='block_1_1' title="bbox 222 96 861 188">
    <p class='ocr_par' dir='ltr' id='par_1_1' title="bbox 222 96 861 188">
     <span class='ocr_line' id='line_1_1' title="bbox 222 96 861 188; baseline 0.002 -1"><span class='ocrx_word' id='word_1_1' title='bbox 222 132 502 188; x_wconf 78' lang='lat' dir='ltr'>cousuuaaus</span> <span class='ocrx_word' id='word_1_2' title='bbox 520 134 605 187; x_wconf 34' lang='lat' dir='ltr'>oiri.</span> <span class='ocrx_word' id='word_1_3' title='bbox 624 133 694 187; x_wconf 76' lang='lat' dir='ltr'>so.</span> <span class='ocrx_word' id='word_1_4' title='bbox 772 96 774 101; x_wconf 55' lang='grc'><em>’</em></span> <span class='ocrx_word' id='word_1_5' title='bbox 825 133 861 188; x_wconf 87' lang='lat' dir='ltr'>oo</span> 
     </span>
    </p>
   </div>
   <div class='ocr_carea' id='block_1_2' title="bbox 52 237 871 656">
    <p class='ocr_par' dir='ltr' id='par_1_2' title="bbox 52 237 871 656">
     <span class='ocr_line' id='line_1_2' title="bbox 53 237 860 308; baseline -0.005 -16"><span class='ocrx_word' id='word_1_6' title='bbox 53 241 168 308; x_wconf 66' lang='lat' dir='ltr'>genueris</span> <span class='ocrx_word' id='word_1_7' title='bbox 181 240 333 291; x_wconf 75' lang='lat' dir='ltr'>etordinis</span> <span class='ocrx_word' id='word_1_8' title='bbox 344 247 372 291; x_wconf 87' lang='lat' dir='ltr'>et</span> <span class='ocrx_word' id='word_1_9' title='bbox 386 239 488 291; x_wconf 82' lang='lat' dir='ltr'>aetatis</span> <span class='ocrx_word' id='word_1_10' title='bbox 498 246 589 290; x_wconf 83' lang='lat' dir='ltr'>utare.</span> <span class='ocrx_word' id='word_1_11' title='bbox 625 237 696 290; x_wconf 86' lang='lat' dir='ltr'>Nam</span> <span class='ocrx_word' id='word_1_12' title='bbox 707 252 743 291; x_wconf 80' lang='lat' dir='ltr'>ex</span> <span class='ocrx_word' id='word_1_13' title='bbox 754 252 788 290; x_wconf 86' lang='lat' dir='ltr'>ea</span> <span class='ocrx_word' id='word_1_14' title='bbox 799 238 860 305; x_wconf 79' lang='lat' dir='ltr'>ipsa</span> 
     </span>
     <span class='ocr_line' id='line_1_3' title="bbox 53 308 859 376; baseline -0.001 -15"><span class='ocrx_word' id='word_1_15' title='bbox 53 309 136 376; x_wconf 82' lang='lat' dir='ltr'>eopia</span> <span class='ocrx_word' id='word_1_16' title='bbox 156 310 316 365; x_wconf 68' lang='lat' dir='ltr'>coniectura</span> <span class='ocrx_word' id='word_1_17' title='bbox 335 309 397 361; x_wconf 85' lang='lat' dir='ltr'>lieri</span> <span class='ocrx_word' id='word_1_18' title='bbox 411 310 527 376; x_wconf 79' lang='lat' dir='ltr'>poterit,</span> <span class='ocrx_word' id='word_1_19' title='bbox 550 314 682 376; x_wconf 86' lang='lat' dir='ltr'>quantum</span> <span class='ocrx_word' id='word_1_20' title='bbox 700 308 738 359; x_wconf 89' lang='lat' dir='ltr'>sis</span> <span class='ocrx_word' id='word_1_21' title='bbox 753 309 781 359; x_wconf 89' lang='lat' dir='ltr'>in</span> <span class='ocrx_word' id='word_1_22' title='bbox 796 308 859 374; x_wconf 84' lang='lat' dir='ltr'>ipso</span> 
     </span>
     <span class='ocr_line' id='line_1_4' title="bbox 53 378 871 444; baseline 0 -14"><span class='ocrx_word' id='word_1_23' title='bbox 53 392 152 444; x_wconf 78' lang='lat' dir='ltr'>eampo</span> <span class='ocrx_word' id='word_1_24' title='bbox 162 379 263 431; x_wconf 76' lang='lat' dir='ltr'>virium</span> <span class='ocrx_word' id='word_1_25' title='bbox 274 395 307 431; x_wconf 90' lang='lat' dir='ltr'>ao</span> <span class='ocrx_word' id='word_1_26' title='bbox 317 378 462 430; x_wconf 72' lang='lat' dir='ltr'>facultatis</span> <span class='ocrx_word' id='word_1_27' title='bbox 474 379 628 432; x_wconf 84' lang='lat' dir='ltr'>habi-turus.</span> <span class='ocrx_word' id='word_1_28' title='bbox 663 378 753 428; x_wconf 84' lang='lat' dir='ltr'>Huius</span> <span class='ocrx_word' id='word_1_29' title='bbox 765 385 871 430; x_wconf 85' lang='lat' dir='ltr'>autem-</span> 
     </span>
     <span class='ocr_line' id='line_1_5' title="bbox 52 449 858 514; baseline -0.002 -13"><span class='ocrx_word' id='word_1_30' title='bbox 52 452 95 501; x_wconf 86' lang='lat' dir='ltr'>rei</span> <span class='ocrx_word' id='word_1_31' title='bbox 104 455 163 499; x_wconf 88' lang='lat' dir='ltr'>tres</span> <span class='ocrx_word' id='word_1_32' title='bbox 173 455 271 514; x_wconf 77' lang='lat' dir='ltr'>partes</span> <span class='ocrx_word' id='word_1_33' title='bbox 278 455 351 500; x_wconf 83' lang='lat' dir='ltr'>sunt.</span> <span class='ocrx_word' id='word_1_34' title='bbox 372 450 433 501; x_wconf 89' lang='lat' dir='ltr'>Una</span> <span class='ocrx_word' id='word_1_35' title='bbox 443 449 639 510; x_wconf 81' lang='lat' dir='ltr'>salutatorum,</span> <span class='ocrx_word' id='word_1_36' title='bbox 650 463 734 514; x_wconf 89' lang='lat' dir='ltr'>quum</span> <span class='ocrx_word' id='word_1_37' title='bbox 745 449 858 499; x_wconf 89' lang='lat' dir='ltr'>domum</span> 
     </span>
     <span class='ocr_line' id='line_1_6' title="bbox 52 518 859 570; baseline -0.001 0"><span class='ocrx_word' id='word_1_38' title='bbox 52 519 182 570; x_wconf 74' lang='lat' dir='ltr'>veniunt:</span> <span class='ocrx_word' id='word_1_39' title='bbox 195 519 284 570; x_wconf 82' lang='lat' dir='ltr'>altera</span> <span class='ocrx_word' id='word_1_40' title='bbox 294 518 488 570; x_wconf 84' lang='lat' dir='ltr'>deductorum:</span> <span class='ocrx_word' id='word_1_41' title='bbox 499 519 584 570; x_wconf 89' lang='lat' dir='ltr'>tertia</span> <span class='ocrx_word' id='word_1_42' title='bbox 596 524 807 569; x_wconf 86' lang='lat' dir='ltr'>assectatorum.</span> <span class='ocrx_word' id='word_1_43' title='bbox 828 518 859 569; x_wconf 86' lang='lat' dir='ltr'>ln</span> 
     </span>
     <span class='ocr_line' id='line_1_7' title="bbox 53 586 861 656; baseline 0 -17"><span class='ocrx_word' id='word_1_44' title='bbox 53 587 271 649; x_wconf 70' lang='lat' dir='ltr'><strong>salutatoribus,</strong></span> <span class='ocrx_word' id='word_1_45' title='bbox 291 589 338 656; x_wconf 87' lang='lat' dir='ltr'>qui</span> <span class='ocrx_word' id='word_1_46' title='bbox 348 589 439 655; x_wconf 86' lang='lat' dir='ltr'>magis</span> <span class='ocrx_word' id='word_1_47' title='bbox 455 589 587 654; x_wconf 77' lang='lat' dir='ltr'>vulgares</span> <span class='ocrx_word' id='word_1_48' title='bbox 597 592 674 648; x_wconf 84' lang='lat' dir='ltr'>sunt,</span> <span class='ocrx_word' id='word_1_49' title='bbox 696 596 725 639; x_wconf 86' lang='lat' dir='ltr'>et</span> <span class='ocrx_word' id='word_1_50' title='bbox 734 586 787 638; x_wconf 83' lang='lat' dir='ltr'>lrao</span> <span class='ocrx_word' id='word_1_51' title='bbox 797 602 861 639; x_wconf 85' lang='lat' dir='ltr'>oon·</span> 
     </span>
    </p>
   </div>
   <div class='ocr_carea' id='block_1_3' title="bbox 52 655 953 724">
    <p class='ocr_par' dir='ltr' id='par_1_3' title="bbox 52 655 953 724">
     <span class='ocr_line' id='line_1_8' title="bbox 52 655 953 724; baseline -0.001 -16"><span class='ocrx_word' id='word_1_52' title='bbox 52 656 211 718; x_wconf 81' lang='lat' dir='ltr'>suetudine,</span> <span class='ocrx_word' id='word_1_53' title='bbox 222 669 291 723; x_wconf 83' lang='lat' dir='ltr'>quae</span> <span class='ocrx_word' id='word_1_54' title='bbox 303 672 374 709; x_wconf 88' lang='lat' dir='ltr'>nunc</span> <span class='ocrx_word' id='word_1_55' title='bbox 385 664 437 719; x_wconf 84' lang='lat' dir='ltr'>est,</span> <span class='ocrx_word' id='word_1_56' title='bbox 447 657 670 724; x_wconf 74' lang='lat' dir='ltr'>pluresreniunt,</span> <span class='ocrx_word' id='word_1_57' title='bbox 681 655 860 709; x_wconf 81' lang='lat' dir='ltr'>boeeffioien·</span> <span class='ocrx_word' id='word_1_58' title='bbox 947 681 953 697; x_wconf 59' lang='lat' dir='ltr'>x</span> 
     </span>
    </p>
   </div>
   <div class='ocr_carea' id='block_1_4' title="bbox 20 725 929 2329">
    <p class='ocr_par' dir='ltr' id='par_1_4' title="bbox 20 725 929 2310">
     <span class='ocr_line' id='line_1_9' title="bbox 54 725 860 793; baseline 0.001 -16"><span class='ocrx_word' id='word_1_59' title='bbox 54 727 121 777; x_wconf 83' lang='lat' dir='ltr'>dum</span> <span class='ocrx_word' id='word_1_60' title='bbox 133 732 184 787; x_wconf 86' lang='lat' dir='ltr'>est,</span> <span class='ocrx_word' id='word_1_61' title='bbox 205 733 235 777; x_wconf 93' lang='lat' dir='ltr'>ut</span> <span class='ocrx_word' id='word_1_62' title='bbox 245 725 298 777; x_wconf 89' lang='lat' dir='ltr'>hoo</span> <span class='ocrx_word' id='word_1_63' title='bbox 308 728 398 793; x_wconf 71' lang='lat' dir='ltr'>ipsunt</span> <span class='ocrx_word' id='word_1_64' title='bbox 411 728 553 778; x_wconf 87' lang='lat' dir='ltr'>minimum</span> <span class='ocrx_word' id='word_1_65' title='bbox 567 726 689 777; x_wconf 73' lang='lat' dir='ltr'>officium</span> <span class='ocrx_word' id='word_1_66' title='bbox 701 726 796 778; x_wconf 84' lang='lat' dir='ltr'>eoruln</span> <span class='ocrx_word' id='word_1_67' title='bbox 807 726 860 778; x_wconf 90' lang='lat' dir='ltr'>tibi</span> 
     </span>
     <span class='ocr_line' id='line_1_10' title="bbox 51 796 861 864; baseline 0.002 -18"><span class='ocrx_word' id='word_1_68' title='bbox 51 796 246 864; x_wconf 67' lang='lat' dir='ltr'>gratissimum</span> <span class='ocrx_word' id='word_1_69' title='bbox 267 813 327 848; x_wconf 84' lang='lat' dir='ltr'>esse</span> <span class='ocrx_word' id='word_1_70' title='bbox 342 796 480 848; x_wconf 81' lang='lat' dir='ltr'>videatur.</span> <span class='ocrx_word' id='word_1_71' title='bbox 517 797 572 857; x_wconf 76' lang='lat' dir='ltr'>oui</span> <span class='ocrx_word' id='word_1_72' title='bbox 590 797 702 847; x_wconf 87' lang='lat' dir='ltr'>domum</span> <span class='ocrx_word' id='word_1_73' title='bbox 723 803 800 847; x_wconf 88' lang='lat' dir='ltr'>tuam</span> <span class='ocrx_word' id='word_1_74' title='bbox 816 812 861 848; x_wconf 76' lang='lat' dir='ltr'>re·</span> 
     </span>
     <span class='ocr_line' id='line_1_11' title="bbox 53 865 862 931; baseline 0 -15"><span class='ocrx_word' id='word_1_75' title='bbox 53 865 141 927; x_wconf 74' lang='lat' dir='ltr'>niem,</span> <span class='ocrx_word' id='word_1_76' title='bbox 150 865 185 915; x_wconf 86' lang='lat' dir='ltr'>iis</span> <span class='ocrx_word' id='word_1_77' title='bbox 197 867 363 931; x_wconf 78' lang='lat' dir='ltr'>significato,</span> <span class='ocrx_word' id='word_1_78' title='bbox 376 873 406 918; x_wconf 85' lang='lat' dir='ltr'>ts</span> <span class='ocrx_word' id='word_1_79' title='bbox 416 867 647 928; x_wconf 79' lang='lat' dir='ltr'>animadvertere,</span> <span class='ocrx_word' id='word_1_80' title='bbox 659 872 787 918; x_wconf 89' lang='lat' dir='ltr'>eteorum</span> <span class='ocrx_word' id='word_1_81' title='bbox 794 865 862 916; x_wconf 84' lang='lat' dir='ltr'>ami·</span> 
     </span>
     <span class='ocr_line' id='line_1_12' title="bbox 53 934 860 1002; baseline 0 -16"><span class='ocrx_word' id='word_1_82' title='bbox 53 935 105 996; x_wconf 77' lang='lat' dir='ltr'>cis,</span> <span class='ocrx_word' id='word_1_83' title='bbox 116 936 163 1000; x_wconf 89' lang='lat' dir='ltr'>qui</span> <span class='ocrx_word' id='word_1_84' title='bbox 174 934 231 986; x_wconf 88' lang='lat' dir='ltr'>illis</span> <span class='ocrx_word' id='word_1_85' title='bbox 241 938 408 999; x_wconf 74' lang='lat' dir='ltr'>renuntient,</span> <span class='ocrx_word' id='word_1_86' title='bbox 426 936 577 998; x_wconf 87' lang='lat' dir='ltr'>ostendito,</span> <span class='ocrx_word' id='word_1_87' title='bbox 589 951 673 1002; x_wconf 83' lang='lat' dir='ltr'>saepe</span> <span class='ocrx_word' id='word_1_88' title='bbox 684 937 752 1002; x_wconf 82' lang='lat' dir='ltr'>ipsis</span> <span class='ocrx_word' id='word_1_89' title='bbox 763 935 860 987; x_wconf 77' lang='lat' dir='ltr'>dicito.</span> 
     </span>
     <span class='ocr_line' id='line_1_13' title="bbox 50 1002 861 1073; baseline -0.002 -16"><span class='ocrx_word' id='word_1_90' title='bbox 50 1004 101 1057; x_wconf 81' lang='lat' dir='ltr'>Sic</span> <span class='ocrx_word' id='word_1_91' title='bbox 112 1002 238 1055; x_wconf 86' lang='lat' dir='ltr'>homines</span> <span class='ocrx_word' id='word_1_92' title='bbox 254 1018 353 1071; x_wconf 84' lang='lat' dir='ltr'>saepe,</span> <span class='ocrx_word' id='word_1_93' title='bbox 373 1017 455 1073; x_wconf 84' lang='lat' dir='ltr'>quum</span> <span class='ocrx_word' id='word_1_94' title='bbox 471 1007 575 1059; x_wconf 71' lang='lat' dir='ltr'>obwnt</span> <span class='ocrx_word' id='word_1_95' title='bbox 589 1006 683 1073; x_wconf 81' lang='lat' dir='ltr'>plures</span> <span class='ocrx_word' id='word_1_96' title='bbox 696 1005 861 1072; x_wconf 79' lang='lat' dir='ltr'>competito-</span> 
     </span>
     <span class='ocr_line' id='line_1_14' title="bbox 50 1073 861 1145; baseline -0.002 -18"><span class='ocrx_word' id='word_1_97' title='bbox 50 1088 110 1135; x_wconf 73' lang='lat' dir='ltr'>res,</span> <span class='ocrx_word' id='word_1_98' title='bbox 122 1081 150 1126; x_wconf 84' lang='lat' dir='ltr'>et</span> <span class='ocrx_word' id='word_1_99' title='bbox 163 1073 258 1126; x_wconf 83' lang='lat' dir='ltr'>vident</span> <span class='ocrx_word' id='word_1_100' title='bbox 266 1091 351 1145; x_wconf 76' lang='lat' dir='ltr'>unum</span> <span class='ocrx_word' id='word_1_101' title='bbox 362 1091 422 1127; x_wconf 86' lang='lat' dir='ltr'>esse</span> <span class='ocrx_word' id='word_1_102' title='bbox 433 1074 563 1143; x_wconf 84' lang='lat' dir='ltr'>aliquem,</span> <span class='ocrx_word' id='word_1_103' title='bbox 576 1077 622 1143; x_wconf 87' lang='lat' dir='ltr'>qui</span> <span class='ocrx_word' id='word_1_104' title='bbox 631 1074 861 1129; x_wconf 78' lang='lat' dir='ltr'>baeeollicianta·</span> 
     </span>
     <span class='ocr_line' id='line_1_15' title="bbox 50 1134 860 1207; baseline -0.002 -10"><span class='ocrx_word' id='word_1_105' title='bbox 50 1144 129 1197; x_wconf 81' lang='lat' dir='ltr'>xime</span> <span class='ocrx_word' id='word_1_106' title='bbox 141 1134 359 1207; x_wconf 78' lang='lat' dir='ltr'>animadvertat,</span> <span class='ocrx_word' id='word_1_107' title='bbox 380 1146 448 1198; x_wconf 84' lang='lat' dir='ltr'>eise</span> <span class='ocrx_word' id='word_1_108' title='bbox 458 1141 576 1207; x_wconf 86' lang='lat' dir='ltr'>dedunt,</span> <span class='ocrx_word' id='word_1_109' title='bbox 599 1144 730 1197; x_wconf 84' lang='lat' dir='ltr'>deserunt</span> <span class='ocrx_word' id='word_1_110' title='bbox 743 1153 860 1206; x_wconf 82' lang='lat' dir='ltr'>eeteros,</span> 
     </span>
     <span class='ocr_line' id='line_1_16' title="bbox 50 1213 860 1283; baseline -0.002 -18"><span class='ocrx_word' id='word_1_111' title='bbox 50 1213 211 1265; x_wconf 85' lang='lat' dir='ltr'>minutatim</span> <span class='ocrx_word' id='word_1_112' title='bbox 224 1229 259 1265; x_wconf 83' lang='lat' dir='ltr'>ex</span> <span class='ocrx_word' id='word_1_113' title='bbox 270 1214 461 1267; x_wconf 75' lang='lat' dir='ltr'>communibus</span> <span class='ocrx_word' id='word_1_114' title='bbox 476 1217 598 1283; x_wconf 79' lang='lat' dir='ltr'>proprii,</span> <span class='ocrx_word' id='word_1_115' title='bbox 619 1230 654 1266; x_wconf 78' lang='lat' dir='ltr'>ox</span> <span class='ocrx_word' id='word_1_116' title='bbox 669 1214 775 1266; x_wconf 78' lang='lat' dir='ltr'>fucosis</span> <span class='ocrx_word' id='word_1_117' title='bbox 787 1213 860 1264; x_wconf 82' lang='lat' dir='ltr'>firmi</span> 
     </span>
     <span class='ocr_line' id='line_1_17' title="bbox 51 1282 860 1350; baseline -0.002 -16"><span class='ocrx_word' id='word_1_118' title='bbox 51 1282 255 1350; x_wconf 75' lang='lat' dir='ltr'>suffragatores</span> <span class='ocrx_word' id='word_1_119' title='bbox 270 1284 400 1337; x_wconf 84' lang='lat' dir='ltr'>evadunt.</span> <span class='ocrx_word' id='word_1_120' title='bbox 435 1285 493 1337; x_wconf 90' lang='lat' dir='ltr'>lam</span> <span class='ocrx_word' id='word_1_121' title='bbox 507 1285 578 1336; x_wconf 87' lang='lat' dir='ltr'>illud</span> <span class='ocrx_word' id='word_1_122' title='bbox 593 1290 688 1336; x_wconf 88' lang='lat' dir='ltr'>teneto</span> <span class='ocrx_word' id='word_1_123' title='bbox 704 1284 860 1350; x_wconf 81' lang='lat' dir='ltr'>diligenter,</span> 
     </span>
     <span class='ocr_line' id='line_1_18' title="bbox 51 1352 861 1422; baseline -0.001 -18"><span class='ocrx_word' id='word_1_124' title='bbox 51 1354 79 1404; x_wconf 85' lang='lat' dir='ltr'>si</span> <span class='ocrx_word' id='word_1_125' title='bbox 92 1369 163 1422; x_wconf 86' lang='lat' dir='ltr'>enm,</span> <span class='ocrx_word' id='word_1_126' title='bbox 180 1354 228 1420; x_wconf 87' lang='lat' dir='ltr'>qui</span> <span class='ocrx_word' id='word_1_127' title='bbox 237 1352 290 1405; x_wconf 90' lang='lat' dir='ltr'>tibi</span> <span class='ocrx_word' id='word_1_128' title='bbox 302 1356 471 1421; x_wconf 85' lang='lat' dir='ltr'>promiserit,</span> <span class='ocrx_word' id='word_1_129' title='bbox 485 1355 588 1416; x_wconf 83' lang='lat' dir='ltr'>fucum,</span> <span class='ocrx_word' id='word_1_130' title='bbox 602 1361 633 1403; x_wconf 92' lang='lat' dir='ltr'>ut</span> <span class='ocrx_word' id='word_1_131' title='bbox 645 1353 757 1414; x_wconf 80' lang='lat' dir='ltr'>dieitur,</span> <span class='ocrx_word' id='word_1_132' title='bbox 768 1353 861 1403; x_wconf 77' lang='lat' dir='ltr'>facere</span> 
     </span>
     <span class='ocr_line' id='line_1_19' title="bbox 20 1420 929 1489; baseline -0.007 -12"><span class='ocrx_word' id='word_1_133' title='bbox 20 1420 23 1425; x_wconf 74' lang='grc'><strong>’</strong></span> <span class='ocrx_word' id='word_1_134' title='bbox 53 1423 180 1477; x_wconf 74' lang='lat' dir='ltr'>audieris</span> <span class='ocrx_word' id='word_1_135' title='bbox 191 1430 239 1474; x_wconf 86' lang='lat' dir='ltr'>aut</span> <span class='ocrx_word' id='word_1_136' title='bbox 250 1425 383 1489; x_wconf 63' lang='lat' dir='ltr'>senserim</span> <span class='ocrx_word' id='word_1_137' title='bbox 393 1431 464 1477; x_wconf 87' lang='lat' dir='ltr'>utto</span> <span class='ocrx_word' id='word_1_138' title='bbox 474 1424 504 1475; x_wconf 91' lang='lat' dir='ltr'>id</span> <span class='ocrx_word' id='word_1_139' title='bbox 516 1423 628 1475; x_wconf 78' lang='lat' dir='ltr'>audisse</span> <span class='ocrx_word' id='word_1_140' title='bbox 638 1430 688 1474; x_wconf 89' lang='lat' dir='ltr'>aut</span> <span class='ocrx_word' id='word_1_141' title='bbox 698 1425 768 1473; x_wconf 80' lang='lat' dir='ltr'>scire</span> <span class='ocrx_word' id='word_1_142' title='bbox 781 1421 861 1472; x_wconf 84' lang='lat' dir='ltr'>dissi·</span> <span class='ocrx_word' id='word_1_143' title='bbox 925 1436 929 1441; x_wconf 92' lang='lat'><em>·</em></span> 
     </span>
     <span class='ocr_line' id='line_1_20' title="bbox 52 1492 860 1562; baseline -0.004 -16"><span class='ocrx_word' id='word_1_144' title='bbox 52 1492 158 1546; x_wconf 84' lang='lat' dir='ltr'>mules:</span> <span class='ocrx_word' id='word_1_145' title='bbox 175 1492 199 1543; x_wconf 90' lang='lat' dir='ltr'>si</span> <span class='ocrx_word' id='word_1_146' title='bbox 210 1493 271 1559; x_wconf 86' lang='lat' dir='ltr'>quis</span> <span class='ocrx_word' id='word_1_147' title='bbox 280 1495 332 1546; x_wconf 91' lang='lat' dir='ltr'>tibi</span> <span class='ocrx_word' id='word_1_148' title='bbox 342 1510 372 1546; x_wconf 86' lang='lat' dir='ltr'>se</span> <span class='ocrx_word' id='word_1_149' title='bbox 382 1504 503 1562; x_wconf 79' lang='lat' dir='ltr'>purgare</span> <span class='ocrx_word' id='word_1_150' title='bbox 513 1494 600 1556; x_wconf 78' lang='lat' dir='ltr'>volet,</span> <span class='ocrx_word' id='word_1_151' title='bbox 615 1492 691 1562; x_wconf 90' lang='lat' dir='ltr'>quod</span> <span class='ocrx_word' id='word_1_152' title='bbox 702 1497 860 1558; x_wconf 83' lang='lat' dir='ltr'>suspectum</span> 
     </span>
     <span class='ocr_line' id='line_1_21' title="bbox 53 1562 862 1626; baseline -0.005 -10"><span class='ocrx_word' id='word_1_153' title='bbox 53 1578 119 1616; x_wconf 86' lang='lat' dir='ltr'>esse</span> <span class='ocrx_word' id='word_1_154' title='bbox 130 1562 290 1626; x_wconf 80' lang='lat' dir='ltr'>arbitretur,</span> <span class='ocrx_word' id='word_1_155' title='bbox 313 1564 433 1616; x_wconf 85' lang='lat' dir='ltr'>affirmes</span> <span class='ocrx_word' id='word_1_156' title='bbox 444 1571 472 1615; x_wconf 91' lang='lat' dir='ltr'>te</span> <span class='ocrx_word' id='word_1_157' title='bbox 490 1564 525 1614; x_wconf 88' lang='lat' dir='ltr'>de</span> <span class='ocrx_word' id='word_1_158' title='bbox 541 1564 619 1613; x_wconf 90' lang='lat' dir='ltr'>illlus</span> <span class='ocrx_word' id='word_1_159' title='bbox 629 1563 776 1614; x_wconf 73' lang='lat' dir='ltr'>voluntate</span> <span class='ocrx_word' id='word_1_160' title='bbox 786 1577 862 1622; x_wconf 89' lang='lat' dir='ltr'>num·</span> 
     </span>
     <span class='ocr_line' id='line_1_22' title="bbox 54 1628 863 1699; baseline 0 -17"><span class='ocrx_word' id='word_1_161' title='bbox 54 1647 141 1699; x_wconf 85' lang='lat' dir='ltr'>quam</span> <span class='ocrx_word' id='word_1_162' title='bbox 152 1628 302 1695; x_wconf 76' lang='lat' dir='ltr'>dubitasse,</span> <span class='ocrx_word' id='word_1_163' title='bbox 313 1643 365 1687; x_wconf 83' lang='lat' dir='ltr'>neo</span> <span class='ocrx_word' id='word_1_164' title='bbox 375 1634 477 1687; x_wconf 83' lang='lat' dir='ltr'>debere</span> <span class='ocrx_word' id='word_1_165' title='bbox 487 1634 626 1686; x_wconf 84' lang='lat' dir='ltr'>dubitare.</span> <span class='ocrx_word' id='word_1_166' title='bbox 644 1633 670 1683; x_wconf 85' lang='lat' dir='ltr'>ls</span> <span class='ocrx_word' id='word_1_167' title='bbox 682 1633 763 1695; x_wconf 82' lang='lat' dir='ltr'>enim,</span> <span class='ocrx_word' id='word_1_168' title='bbox 775 1633 820 1699; x_wconf 86' lang='lat' dir='ltr'>qui</span> <span class='ocrx_word' id='word_1_169' title='bbox 832 1646 863 1683; x_wconf 86' lang='lat' dir='ltr'>se</span> 
     </span>
     <span class='ocr_line' id='line_1_23' title="bbox 50 1702 863 1769; baseline 0 -16"><span class='ocrx_word' id='word_1_170' title='bbox 50 1717 111 1753; x_wconf 89' lang='lat' dir='ltr'>non</span> <span class='ocrx_word' id='word_1_171' title='bbox 128 1707 208 1767; x_wconf 83' lang='lat' dir='ltr'>putat</span> <span class='ocrx_word' id='word_1_172' title='bbox 222 1702 401 1765; x_wconf 78' lang='lat' dir='ltr'>satisfacere,</span> <span class='ocrx_word' id='word_1_173' title='bbox 422 1705 530 1755; x_wconf 79' lang='lat' dir='ltr'>amicus</span> <span class='ocrx_word' id='word_1_174' title='bbox 546 1718 607 1755; x_wconf 89' lang='lat' dir='ltr'>esse</span> <span class='ocrx_word' id='word_1_175' title='bbox 621 1702 700 1753; x_wconf 89' lang='lat' dir='ltr'>nullo</span> <span class='ocrx_word' id='word_1_176' title='bbox 715 1702 799 1753; x_wconf 87' lang='lat' dir='ltr'>modo</span> <span class='ocrx_word' id='word_1_177' title='bbox 815 1716 863 1769; x_wconf 84' lang='lat' dir='ltr'>po·</span> 
     </span>
     <span class='ocr_line' id='line_1_24' title="bbox 51 1770 862 1842; baseline -0.001 -18"><span class='ocrx_word' id='word_1_178' title='bbox 51 1777 120 1824; x_wconf 78' lang='lat' dir='ltr'>test.</span> <span class='ocrx_word' id='word_1_179' title='bbox 152 1770 229 1824; x_wconf 83' lang='lat' dir='ltr'>Scire</span> <span class='ocrx_word' id='word_1_180' title='bbox 240 1779 331 1842; x_wconf 81' lang='lat' dir='ltr'>sutem</span> <span class='ocrx_word' id='word_1_181' title='bbox 342 1779 461 1841; x_wconf 74' lang='lat' dir='ltr'>oportet,</span> <span class='ocrx_word' id='word_1_182' title='bbox 475 1788 530 1842; x_wconf 88' lang='lat' dir='ltr'>quo</span> <span class='ocrx_word' id='word_1_183' title='bbox 539 1774 656 1840; x_wconf 82' lang='lat' dir='ltr'>quisque</span> <span class='ocrx_word' id='word_1_184' title='bbox 667 1774 760 1823; x_wconf 86' lang='lat' dir='ltr'>animo</span> <span class='ocrx_word' id='word_1_185' title='bbox 771 1774 818 1836; x_wconf 81' lang='lat' dir='ltr'>sjt,</span> <span class='ocrx_word' id='word_1_186' title='bbox 830 1777 862 1823; x_wconf 94' lang='lat' dir='ltr'>ut</span> 
     </span>
     <span class='ocr_line' id='line_1_25' title="bbox 51 1842 862 1909; baseline -0.001 -16"><span class='ocrx_word' id='word_1_187' title='bbox 51 1848 83 1893; x_wconf 86' lang='lat' dir='ltr'>et</span> <span class='ocrx_word' id='word_1_188' title='bbox 95 1847 230 1907; x_wconf 89' lang='lat' dir='ltr'>quantum</span> <span class='ocrx_word' id='word_1_189' title='bbox 244 1844 345 1909; x_wconf 82' lang='lat' dir='ltr'>cuique</span> <span class='ocrx_word' id='word_1_190' title='bbox 358 1844 490 1907; x_wconf 83' lang='lat' dir='ltr'>confidas,</span> <span class='ocrx_word' id='word_1_191' title='bbox 499 1843 670 1895; x_wconf 81' lang='lat' dir='ltr'>constituere</span> <span class='ocrx_word' id='word_1_192' title='bbox 682 1843 782 1909; x_wconf 82' lang='lat' dir='ltr'>possis.</span> <span class='ocrx_word' id='word_1_193' title='bbox 803 1842 862 1894; x_wconf 88' lang='lat' dir='ltr'>lam</span> 
     </span>
     <span class='ocr_line' id='line_1_26' title="bbox 50 1911 863 1981; baseline 0.002 -20"><span class='ocrx_word' id='word_1_194' title='bbox 50 1911 238 1963; x_wconf 81' lang='lat' dir='ltr'>deductorum</span> <span class='ocrx_word' id='word_1_195' title='bbox 252 1911 382 1977; x_wconf 76' lang='lat' dir='ltr'>officium,</span> <span class='ocrx_word' id='word_1_196' title='bbox 404 1929 458 1981; x_wconf 88' lang='lat' dir='ltr'>quo</span> <span class='ocrx_word' id='word_1_197' title='bbox 468 1914 559 1965; x_wconf 87' lang='lat' dir='ltr'>maius</span> <span class='ocrx_word' id='word_1_198' title='bbox 570 1918 622 1974; x_wconf 88' lang='lat' dir='ltr'>est,</span> <span class='ocrx_word' id='word_1_199' title='bbox 636 1927 717 1979; x_wconf 89' lang='lat' dir='ltr'>quam</span> <span class='ocrx_word' id='word_1_200' title='bbox 728 1912 863 1964; x_wconf 89' lang='lat' dir='ltr'>salutato·</span> 
     </span>
     <span class='ocr_line' id='line_1_27' title="bbox 49 1978 862 2050; baseline 0.001 -18"><span class='ocrx_word' id='word_1_201' title='bbox 49 1995 125 2041; x_wconf 78' lang='lat' dir='ltr'>rum,</span> <span class='ocrx_word' id='word_1_202' title='bbox 136 1978 190 2032; x_wconf 85' lang='lat' dir='ltr'>boo</span> <span class='ocrx_word' id='word_1_203' title='bbox 199 1983 307 2047; x_wconf 78' lang='lat' dir='ltr'>gratius</span> <span class='ocrx_word' id='word_1_204' title='bbox 318 1983 371 2034; x_wconf 88' lang='lat' dir='ltr'>tibi</span> <span class='ocrx_word' id='word_1_205' title='bbox 382 1999 444 2035; x_wconf 84' lang='lat' dir='ltr'>esse</span> <span class='ocrx_word' id='word_1_206' title='bbox 456 1983 613 2050; x_wconf 82' lang='lat' dir='ltr'>significato</span> <span class='ocrx_word' id='word_1_207' title='bbox 625 1982 862 2050; x_wconf 84' lang='lat' dir='ltr'>atqueostendito,</span> 
     </span>
     <span class='ocr_line' id='line_1_28' title="bbox 50 2050 863 2120; baseline 0.007 -17"><span class='ocrx_word' id='word_1_208' title='bbox 50 2057 93 2111; x_wconf 87' lang='lat' dir='ltr'>et,</span> <span class='ocrx_word' id='word_1_209' title='bbox 105 2050 198 2116; x_wconf 79' lang='lat' dir='ltr'>quoad</span> <span class='ocrx_word' id='word_1_210' title='bbox 209 2052 267 2102; x_wconf 83' lang='lat' dir='ltr'>eius</span> <span class='ocrx_word' id='word_1_211' title='bbox 278 2053 338 2103; x_wconf 86' lang='lat' dir='ltr'>fieri</span> <span class='ocrx_word' id='word_1_212' title='bbox 349 2054 462 2120; x_wconf 83' lang='lat' dir='ltr'>poterit,</span> <span class='ocrx_word' id='word_1_213' title='bbox 474 2054 559 2106; x_wconf 81' lang='lat' dir='ltr'>certis</span> <span class='ocrx_word' id='word_1_214' title='bbox 570 2055 740 2120; x_wconf 74' lang='lat' dir='ltr'>temporibus</span> <span class='ocrx_word' id='word_1_215' title='bbox 751 2053 863 2108; x_wconf 79' lang='lat' dir='ltr'>descen-</span> 
     </span>
     <span class='ocr_line' id='line_1_29' title="bbox 51 2118 862 2191; baseline 0 -20"><span class='ocrx_word' id='word_1_216' title='bbox 51 2120 127 2171; x_wconf 87' lang='lat' dir='ltr'>dito.</span> <span class='ocrx_word' id='word_1_217' title='bbox 144 2118 275 2186; x_wconf 82' lang='lat' dir='ltr'>Magnam</span> <span class='ocrx_word' id='word_1_218' title='bbox 286 2121 368 2174; x_wconf 82' lang='lat' dir='ltr'>affert</span> <span class='ocrx_word' id='word_1_219' title='bbox 379 2122 549 2189; x_wconf 83' lang='lat' dir='ltr'>opinionem,</span> <span class='ocrx_word' id='word_1_220' title='bbox 560 2137 686 2190; x_wconf 79' lang='lat' dir='ltr'>magnam</span> <span class='ocrx_word' id='word_1_221' title='bbox 696 2122 862 2191; x_wconf 83' lang='lat' dir='ltr'>dignitatem</span> 
     </span>
     <span class='ocr_line' id='line_1_30' title="bbox 50 2188 863 2310; baseline 0.005 -72"><span class='ocrx_word' id='word_1_222' title='bbox 50 2188 223 2310; x_wconf 50' lang='lat' dir='ltr'>guotidiana</span> <span class='ocrx_word' id='word_1_223' title='bbox 238 2192 267 2241; x_wconf 88' lang='lat' dir='ltr'>in</span> <span class='ocrx_word' id='word_1_224' title='bbox 283 2192 444 2243; x_wconf 87' lang='lat' dir='ltr'>deducendo</span> <span class='ocrx_word' id='word_1_225' title='bbox 461 2192 627 2260; x_wconf 79' lang='lat' dir='ltr'>frequentia.</span> <span class='ocrx_word' id='word_1_226' title='bbox 663 2195 760 2244; x_wconf 87' lang='lat' dir='ltr'>Tertia</span> <span class='ocrx_word' id='word_1_227' title='bbox 775 2199 863 2243; x_wconf 82' lang='lat' dir='ltr'>estex</span> 
     </span>
    </p>

    <p class='ocr_par' dir='ltr' id='par_1_5' title="bbox 73 2261 862 2329">
     <span class='ocr_line' id='line_1_31' title="bbox 73 2261 862 2329; baseline 0.003 -21"><span class='ocrx_word' id='word_1_228' title='bbox 73 2273 110 2324; x_wconf 67' lang='lat' dir='ltr'>qe</span> <span class='ocrx_word' id='word_1_229' title='bbox 123 2274 225 2324; x_wconf 79' lang='lat' dir='ltr'>genere</span> <span class='ocrx_word' id='word_1_230' title='bbox 236 2261 347 2312; x_wconf 83' lang='lat' dir='ltr'>assidua</span> <span class='ocrx_word' id='word_1_231' title='bbox 363 2268 564 2314; x_wconf 81' lang='lat' dir='ltr'>assectatorum</span> <span class='ocrx_word' id='word_1_232' title='bbox 582 2261 670 2329; x_wconf 69' lang='lat' dir='ltr'>copia.</span> <span class='ocrx_word' id='word_1_233' title='bbox 707 2262 737 2313; x_wconf 93' lang='lat' dir='ltr'>ln</span> <span class='ocrx_word' id='word_1_234' title='bbox 750 2278 782 2314; x_wconf 88' lang='lat' dir='ltr'>ea</span> <span class='ocrx_word' id='word_1_235' title='bbox 794 2274 862 2327; x_wconf 85' lang='lat' dir='ltr'>quos</span> 
     </span>
    </p>
   </div>
   <div class='ocr_carea' id='block_1_5' title="bbox 48 2325 863 2749">
    <p class='ocr_par' dir='ltr' id='par_1_6' title="bbox 48 2325 863 2749">
     <span class='ocr_line' id='line_1_32' title="bbox 50 2325 863 2399; baseline -0.002 -19"><span class='ocrx_word' id='word_1_236' title='bbox 50 2325 235 2380; x_wconf 66' lang='lat' dir='ltr'>voluntarios</span> <span class='ocrx_word' id='word_1_237' title='bbox 246 2326 370 2392; x_wconf 85' lang='lat' dir='ltr'>habebis,</span> <span class='ocrx_word' id='word_1_238' title='bbox 392 2347 472 2394; x_wconf 86' lang='lat' dir='ltr'>cura,</span> <span class='ocrx_word' id='word_1_239' title='bbox 491 2340 523 2383; x_wconf 89' lang='lat' dir='ltr'>nt</span> <span class='ocrx_word' id='word_1_240' title='bbox 538 2334 712 2399; x_wconf 81' lang='lat' dir='ltr'>intelligant,</span> <span class='ocrx_word' id='word_1_241' title='bbox 729 2338 758 2382; x_wconf 84' lang='lat' dir='ltr'>te</span> <span class='ocrx_word' id='word_1_242' title='bbox 768 2330 822 2380; x_wconf 89' lang='lat' dir='ltr'>sibi</span> <span class='ocrx_word' id='word_1_243' title='bbox 833 2330 863 2379; x_wconf 93' lang='lat' dir='ltr'>in</span> 
     </span>
     <span class='ocr_line' id='line_1_33' title="bbox 48 2398 863 2518; baseline 0.001 -70"><span class='ocrx_word' id='word_1_244' title='bbox 48 2402 225 2518; x_wconf 54' lang='lat' dir='ltr'>{oi-petuam</span> <span class='ocrx_word' id='word_1_245' title='bbox 237 2414 345 2452; x_wconf 89' lang='lat' dir='ltr'>summo</span> <span class='ocrx_word' id='word_1_246' title='bbox 354 2401 489 2455; x_wconf 86' lang='lat' dir='ltr'>beneficio</span> <span class='ocrx_word' id='word_1_247' title='bbox 501 2403 631 2469; x_wconf 83' lang='lat' dir='ltr'>obligari.</span> <span class='ocrx_word' id='word_1_248' title='bbox 659 2402 714 2464; x_wconf 82' lang='lat' dir='ltr'>Qui</span> <span class='ocrx_word' id='word_1_249' title='bbox 725 2406 816 2450; x_wconf 88' lang='lat' dir='ltr'>autem</span> <span class='ocrx_word' id='word_1_250' title='bbox 828 2398 863 2449; x_wconf 94' lang='lat' dir='ltr'>ti·</span> 
     </span>
     <span class='ocr_line' id='line_1_34' title="bbox 51 2466 863 2540; baseline 0.002 -23"><span class='ocrx_word' id='word_1_251' title='bbox 51 2537 55 2540; x_wconf 28' lang='grc'><em>“</em></span> <span class='ocrx_word' id='word_1_252' title='bbox 71 2468 83 2517; x_wconf 92' lang='lat' dir='ltr'>i</span> <span class='ocrx_word' id='word_1_253' title='bbox 98 2467 212 2528; x_wconf 83' lang='lat' dir='ltr'>debent,</span> <span class='ocrx_word' id='word_1_254' title='bbox 230 2466 308 2521; x_wconf 84' lang='lat' dir='ltr'>abiis</span> <span class='ocrx_word' id='word_1_255' title='bbox 321 2471 401 2537; x_wconf 80' lang='lat' dir='ltr'>plane</span> <span class='ocrx_word' id='word_1_256' title='bbox 412 2467 465 2523; x_wconf 84' lang='lat' dir='ltr'>hoo</span> <span class='ocrx_word' id='word_1_257' title='bbox 475 2487 574 2523; x_wconf 88' lang='lat' dir='ltr'>munus</span> <span class='ocrx_word' id='word_1_258' title='bbox 587 2471 680 2539; x_wconf 82' lang='lat' dir='ltr'>exige:</span> <span class='ocrx_word' id='word_1_259' title='bbox 702 2471 749 2537; x_wconf 88' lang='lat' dir='ltr'>qui</span> <span class='ocrx_word' id='word_1_260' title='bbox 759 2484 808 2535; x_wconf 85' lang='lat' dir='ltr'>per</span> <span class='ocrx_word' id='word_1_261' title='bbox 818 2479 863 2519; x_wconf 81' lang='lat' dir='ltr'>ae·</span> 
     </span>
     <span class='ocr_line' id='line_1_35' title="bbox 50 2537 862 2607; baseline 0.001 -20"><span class='ocrx_word' id='word_1_262' title='bbox 50 2542 145 2588; x_wconf 87' lang='lat' dir='ltr'>tatem</span> <span class='ocrx_word' id='word_1_263' title='bbox 163 2551 197 2587; x_wconf 83' lang='lat' dir='ltr'>ao</span> <span class='ocrx_word' id='word_1_264' title='bbox 212 2541 354 2606; x_wconf 79' lang='lat' dir='ltr'>negotium</span> <span class='ocrx_word' id='word_1_265' title='bbox 371 2547 517 2607; x_wconf 85' lang='lat' dir='ltr'>poterunt,</span> <span class='ocrx_word' id='word_1_266' title='bbox 539 2542 593 2607; x_wconf 88' lang='lat' dir='ltr'>ipsi</span> <span class='ocrx_word' id='word_1_267' title='bbox 609 2547 700 2591; x_wconf 86' lang='lat' dir='ltr'>teourn</span> <span class='ocrx_word' id='word_1_268' title='bbox 716 2546 748 2589; x_wconf 89' lang='lat' dir='ltr'>ut</span> <span class='ocrx_word' id='word_1_269' title='bbox 756 2537 862 2589; x_wconf 79' lang='lat' dir='ltr'>assidui</span> 
     </span>
     <span class='ocr_line' id='line_1_36' title="bbox 50 2607 862 2678; baseline 0 -23"><span class='ocrx_word' id='word_1_270' title='bbox 50 2607 122 2657; x_wconf 85' lang='lat' dir='ltr'>sint.</span> <span class='ocrx_word' id='word_1_271' title='bbox 157 2608 210 2668; x_wconf 76' lang='lat' dir='ltr'>eri</span> <span class='ocrx_word' id='word_1_272' title='bbox 221 2610 276 2675; x_wconf 89' lang='lat' dir='ltr'>ipsi</span> <span class='ocrx_word' id='word_1_273' title='bbox 286 2612 388 2661; x_wconf 76' lang='lat' dir='ltr'>secturi</span> <span class='ocrx_word' id='word_1_274' title='bbox 398 2627 452 2662; x_wconf 89' lang='lat' dir='ltr'>non</span> <span class='ocrx_word' id='word_1_275' title='bbox 463 2618 603 2678; x_wconf 86' lang='lat' dir='ltr'>poterunt,</span> <span class='ocrx_word' id='word_1_276' title='bbox 616 2610 786 2661; x_wconf 84' lang='lat' dir='ltr'>necessarios</span> <span class='ocrx_word' id='word_1_277' title='bbox 797 2622 862 2657; x_wconf 83' lang='lat' dir='ltr'>suos</span> 
     </span>
     <span class='ocr_line' id='line_1_37' title="bbox 50 2669 862 2749; baseline -0.002 -22"><span class='ocrx_word' id='word_1_278' title='bbox 50 2676 82 2727; x_wconf 85' lang='lat' dir='ltr'>ln</span> <span class='ocrx_word' id='word_1_279' title='bbox 98 2669 156 2727; x_wconf 85' lang='lat' dir='ltr'>huo</span> <span class='ocrx_word' id='word_1_280' title='bbox 172 2687 285 2733; x_wconf 84' lang='lat' dir='ltr'>munere</span> <span class='ocrx_word' id='word_1_281' title='bbox 303 2682 499 2735; x_wconf 80' lang='lat' dir='ltr'>constituunt..</span> <span class='ocrx_word' id='word_1_282' title='bbox 516 2679 608 2735; x_wconf 83' lang='lat' dir='ltr'>Valde</span> <span class='ocrx_word' id='word_1_283' title='bbox 626 2696 678 2749; x_wconf 77' lang='lat' dir='ltr'>ego</span> <span class='ocrx_word' id='word_1_284' title='bbox 694 2685 722 2732; x_wconf 88' lang='lat' dir='ltr'>te</span> <span class='ocrx_word' id='word_1_285' title='bbox 737 2678 814 2733; x_wconf 80' lang='lat' dir='ltr'>volo.</span> <span class='ocrx_word' id='word_1_286' title='bbox 833 2683 862 2727; x_wconf 89' lang='lat' dir='ltr'>et</span> 
     </span>
    </p>
   </div>
   <div class='ocr_carea' id='block_1_6' title="bbox 0 0 1046 3025">
    <p class='ocr_par' dir='ltr' id='par_1_7' title="bbox 0 0 1046 3025">
     <span class='ocr_line' id='line_1_38' title="bbox 0 0 1046 3025; baseline 0 0"><span class='ocrx_word' id='word_1_287' title='bbox 0 0 1046 3025; x_wconf 95' lang='lat' dir='ltr'> </span> 
     </span>
    </p>
   </div>
  </div>
 </body>
</html>
