2084 3025
195 147 232 200 a
278 117 283 133 “
507 133 692 202 ananius

196 242 360 318 quibusdam
373 226 554 297 adhri'rabilia
564 241 702 304 ridentur,
724 238 860 308 permulti
868 243 939 301 sunt,
953 237 999 306 qui

197 332 248 385 pro
262 313 350 366 nihilo
360 319 468 381 putent.
486 313 666 369 Deauricitia
676 326 772 362 omnes
785 310 821 362 ad
834 326 918 360 unuin
928 309 1000 361 idem

162 379 167 385 ’
196 386 332 446 sentiunt,
354 390 383 436 et
394 384 427 446 ii,
448 383 498 450 qui
513 383 548 434 ad
558 380 758 448 rempublicam
773 396 806 432 se
818 379 1001 441 contulerunt,

148 517 154 521 ,
196 455 265 516 etii,
290 453 338 519 qui
349 453 614 519 rerumeognitione
627 451 808 517 doctrinaque
820 449 1002 510 delectantur,

198 531 227 577 et
238 524 266 587 ii,
284 523 333 589 qui
343 537 424 573 suum
434 522 578 589 negotium
588 525 687 588 gerunt
698 519 797 571 otiosi:
820 525 963 585 postremo
973 518 1003 579 ii,

197 594 245 661 qui
256 594 373 646 setotos
384 591 562 642 tradiderunt
576 589 783 656 voluptatibus,
805 589 866 639 siue
878 586 1003 651 amicitia

197 665 285 714 vitam
298 677 360 712 esse
372 661 477 711 nullam
488 662 620 722 sentiunt,
634 660 661 710 si
671 675 697 709 in
706 658 754 709 ido
766 658 854 710 velint
865 659 962 724 aliqua
970 669 1002 708 ex
1036 684 1037 719 r

120 748 131 765 ⁸
195 738 278 801 parte
298 730 457 783 liberaliter
475 730 579 782 rivere.
620 729 664 781 87.
688 727 783 794 Serpit
800 727 890 788 enim,
910 725 1002 778 neseio

133 806 134 813 ’
197 799 346 870 quomodo,
367 814 419 868 per
429 799 553 850 oninium
564 799 637 850 vitas
650 797 782 859 amicitia,
799 796 850 849 nee
860 795 950 846 ullam
961 810 1003 847 ae·

195 873 267 923 tntis
282 869 425 938 degendae
440 867 580 920 rationein
595 868 703 935 patitur
718 883 779 918 esse
795 872 942 933 expertem
953 864 1003 916 sui.

199 941 373 1003 Quinetiam
389 939 489 1006 siquis
506 953 541 990 ea
557 938 711 1004 asperitate
728 941 771 987 est
787 942 816 988 et
828 935 1004 988 immanitate
1036 976 1037 985 ,

50 1078 54 1085 ¹
101 1028 105 1029 ⁷
172 1015 323 1072 ,naturae
334 1023 498 1076 congressus
511 1015 542 1059 ut
552 1005 694 1058 hominum
705 1006 796 1072 fugiat
807 1011 892 1072 atque
904 1003 1006 1065 oderit,
1018 1036 1038 1071 ,a

200 1078 312 1147 qualern
327 1077 415 1131 fuisse
430 1075 545 1129 Athenis
560 1076 706 1135 Timonem
719 1075 813 1126 neseio
829 1090 913 1142 quem
930 1089 1004 1126 acce·
1036 1084 1037 1107 ³

197 1150 302 1214 pimtu3
315 1152 409 1201 tamen
418 1147 443 1198 is
454 1147 515 1214 pati
523 1162 581 1198 non
592 1145 691 1212 possit,
701 1150 732 1195 ut
744 1159 799 1195 non
812 1146 946 1210 anquirat
958 1142 1005 1194 ali·
1036 1174 1037 1199 r

195 1233 288 1285 quem,
301 1217 374 1284 apud
387 1221 592 1284 quenrevomat
602 1215 681 1267 risus
692 1214 854 1268 acerbitatis
865 1229 944 1266 suae.
961 1213 1005 1263 At·
1036 1238 1037 1255 r

194 1302 250 1354 que
261 1286 314 1338 hoe
322 1288 444 1338 maxime
454 1286 634 1347 iudicaretur,
655 1283 681 1334 si
690 1283 757 1351 quid
767 1284 823 1335 tale
834 1290 933 1349 posset
944 1295 1004 1333 con·
1036 1284 1037 1321 ῑ

141 1359 145 1363 ’
195 1358 319 1424 tingere,
340 1362 371 1407 ut
386 1356 486 1422 aliquis
506 1371 558 1407 nos
574 1355 650 1406 Deus
665 1368 701 1405 ex
722 1351 775 1404 hae
793 1350 939 1407 hominum
955 1352 1005 1404 fre·
1036 1336 1037 1419 l

197 1427 311 1495 quentia
320 1426 469 1477 tolleretet
479 1425 507 1474 in
518 1424 670 1475 solitudine
676 1422 783 1488 uspiam
790 1422 955 1485 collocaret,
967 1427 1003 1473 at
1036 1464 1037 1475 ,

198 1512 250 1564 que
260 1498 302 1549 i'oi
312 1494 492 1563 suppeditans
503 1495 627 1564 omniun}
636 1486 742 1555 rerum,
764 1507 834 1573 quas
845 1500 950 1546 natura
961 1490 1004 1544 de·
1030 1484 1038 1544 ¹,

125 1599 132 1610 ·
195 1559 1004 1635 sideratabundautiauretcopianr,hordinisomninoad·
1036 1555 1037 1622 i

197 1636 337 1702 spiciendi
356 1641 526 1704 potestatem
544 1636 674 1701 eriperet.
711 1624 753 1683 88.
771 1632 841 1695 Quis
856 1640 916 1683 tam
932 1637 1005 1685 esset
1036 1629 1037 1704 l

181 1704 319 1766 lerneus,
340 1707 387 1771 qui
397 1721 458 1757 earn
470 1705 557 1755 vitam
568 1703 641 1755 ferre
652 1708 760 1770 posset,
781 1699 882 1768 eoique
892 1718 951 1753 non
961 1717 1005 1753 au·
1036 1711 1037 1736 i

197 1773 285 1827 ferret
296 1774 602 1840 fructumvoluptatunr
611 1773 734 1823 omnium
746 1771 890 1823 solitudoi
900 1771 1005 1824 Verum
1036 1815 1037 1836 ,

197 1859 265 1911 ergo
277 1843 348 1894 illud
360 1851 412 1906 est,
423 1843 505 1910 quod,
516 1859 534 1893 a
544 1842 697 1893 Tarentino
706 1839 842 1909 Archyta,
853 1847 885 1893 ut
896 1842 1004 1908 opinor,
1036 1847 1037 1856 ¹

197 1912 254 1965 dici
264 1913 391 1975 solitum,
407 1919 518 1965 nostros
531 1929 610 1964 senes
621 1926 838 1964 commemorare
849 1912 957 1973 audiri,
971 1909 1005 1962 ab

201 1981 266 2034 aliis
277 1983 390 2034 senibus
405 1983 544 2042 auditum:
566 1980 594 2033 si
610 1982 671 2049 quis
685 1982 715 2031 in
726 1981 834 2032 eaelum
847 1979 1005 2034 adscendis-

198 2059 254 2114 set,
275 2047 459 2119 naturamque
475 2051 571 2105 mundi
587 2058 616 2103 et
632 2050 866 2117 pulchritudinem
883 2050 1003 2103 siderum

197 2121 398 2189 perspexisset,
418 2122 560 2180 insuavem
572 2121 651 2173 illam
664 2120 880 2182 admirationem
891 2120 918 2173 ei
931 2120 1004 2180 soree

197 2203 269 2259 quae
278 2190 480 2242 iucundissima
490 2191 601 2254 luisset,
621 2192 648 2241 si
658 2191 792 2257 aliquem,
815 2191 860 2241 eui
871 2195 1005 2252 narraret,
1036 2237 1037 2252 ,

198 2259 354 2312 habuisset,
385 2259 435 2316 vSic
451 2266 552 2311 tratura
567 2259 723 2311 solitarium
738 2257 808 2312 nihil
823 2267 915 2323 amat,
937 2272 1005 2312 sem·

103 2378 104 2382 ,
197 2344 302 2398 perque
313 2329 348 2380 ad
361 2329 475 2396 aliquod
490 2336 630 2396 tamquam
646 2329 842 2380 adminiculum
855 2346 871 2382 a
911 2330 1004 2390 ititur3

122 2396 128 2402 “
199 2398 273 2465 quod
285 2400 313 2449 in
324 2399 493 2451 amicissimo
505 2414 614 2465 quoque
623 2398 814 2450 dulcissimum
826 2346 1006 2521 esfflXXlV.

200 2466 254 2519 Sed
267 2483 350 2534 quarn
362 2473 404 2519 tot
415 2468 503 2535 signis
515 2468 613 2520 eadem
625 2474 725 2519 natura
737 2468 832 2524 declar
862 2505 870 2531 ‚
886 2467 952 2535 quid
963 2480 1005 2517 re·

199 2536 244 2597 lit,
254 2537 391 2603 anquirat,
402 2553 435 2588 ae
446 2537 600 2589 desideret:
621 2537 844 2590 obsurdescimus
856 2544 952 2591 tamen
963 2550 1006 2588 ne·
1036 2591 1037 2600 ,

197 2602 258 2653 rein
273 2605 497 2671 quontodo;.nec
509 2623 557 2668 ea,
579 2622 650 2673 quae
662 2609 696 2659 ab
708 2624 742 2659 ea
752 2623 910 2669 monemur,
930 2604 1005 2659 audi·
1036 2607 1037 2616 ’

197 2681 270 2723 mus.
304 2673 358 2725 'Est
375 2675 448 2726 enim
464 2676 560 2748 erarius
578 2684 607 2729 et
616 2678 766 2745 multiplex
780 2694 848 2729 usus
858 2676 1006 2737 amineae
