2084 3025
80 45 87 60 '
182 63 239 140 s*
365 83 611 136 nausson-s
627 82 811 150 nnonuru

180 190 210 241 in
221 187 396 256 disputando,
411 202 493 254 quum
504 202 540 239 ex
549 188 585 239 iis
595 194 784 256 quaereretur,
795 202 886 254 ,quare
895 187 937 239 ita
946 202 985 240 cs
1026 241 1027 244 ,

85 278 88 284 ’
182 264 234 319 set,
245 257 412 323 respondere
424 256 539 308 solitos:
555 257 611 325 ipse
621 257 701 311 dixit.
737 258 799 324 lpse
810 265 912 320 autern,
926 269 986 308 erat

182 325 367 394 Pythagoras.
404 326 525 376 Tantum
544 326 641 393 opinio.
655 327 847 392 praeiudicata
867 334 985 394 poterat,
1026 351 1027 376 r

115 435 121 444 .
182 407 214 450 ut
225 396 309 447 etiam
319 395 380 445 sine
391 394 500 447 ratione
511 396 618 452 valeret
629 397 791 450 auctoritas.
820 394 861 449 11.
874 397 986 459 Quian
1027 421 1028 424 =

86 513 89 520 .
183 476 241 520 tern
251 466 401 525 mirantur,
421 463 472 514 nos
482 461 747 588 hanchtissimum
758 465 932 532 discipffnasn
944 481 985 517 se·

183 541 276 595 cutes,
295 532 340 584 his
356 538 488 600 quattuor
501 534 559 586 Aca
579 535 679 593 enticis,
693 535 771 587 libris
790 537 861 587 satis
873 550 986 602 respon·

183 619 244 657 surn
255 602 373 653 videtur.
403 601 462 654 Nec
471 619 538 654 vero
549 605 721 657 desertarum
730 604 993 679 derelictarumque'

120 679 123 686 '
183 687 275 726 rerum
286 670 471 738 patrocinium
481 673 661 740 suscepimus.
688 673 751 726 Non
762 673 986 726 enimlrominurn

183 742 299 794 interitu
313 741 466 793 sentcntiae
483 757 591 809 quoque
608 744 752 795 occidunt:
774 743 824 796 sed
839 744 930 795 lucem
941 759 978 797 au

125 805 131 818 “
184 811 271 864 ctoris
282 809 402 864 fortasse
413 810 585 864 desiderant:
597 819 629 863 ut
639 813 709 864 haec
719 814 749 864 in
759 811 935 880 philosophia
944 827 988 863 ra·

183 882 225 936 tio
237 885 335 931 contra
347 880 440 932 omnia
452 880 623 945 disserendi,
644 883 804 949 nullamque
818 898 877 934 rem
891 888 989 949 aperte

183 949 337 1010 iudicandi,
357 948 485 1015 profecta
498 966 515 1000 a
526 950 656 1013 Socrate,
678 950 990 1017 repetitaabllrcesila.

184 1021 348 1078 confirmata
359 1015 533 1081 aCa‘rncade,
545 1020 676 1088 usquead
687 1019 989 1086 nostrarnriguitaeta-

182 1089 258 1153 tenti
274 1103 355 1155 quarn
376 1103 447 1138 nunc
465 1090 666 1156 propemodum
686 1091 783 1144 orbam
802 1090 911 1150 essein
927 1090 989 1155 ipsa

184 1159 304 1216 Graecia
317 1156 456 1231 intelligo.
493 1155 576 1220 Quod
594 1175 649 1210 non
659 1159 826 1218 Academiae
835 1159 919 1221 vitio,
937 1157 990 1210 sed

182 1228 317 1280 tarditate
327 1227 470 1278 hominum
485 1229 606 1280 arbitror
621 1230 781 1297 contigisse.
815 1228 888 1282 Nam
898 1228 924 1280 si
933 1227 988 1280 sin·

184 1299 265 1370 gulas
276 1296 439 1361 disciplinas
447 1299 592 1417 percipere
602 1314 732 1367 magnum
744 1304 795 1362 est,
813 1305 920 1364 quanto
930 1312 994 1348 rna.

182 1370 228 1428 ius
240 1363 353 1417 ornnes?
363 1366 437 1434 quod
460 1383 541 1419 acere
552 1367 587 1419 iis
597 1384 710 1421 necesse
721 1376 773 1431 est,
784 1369 881 1436 quibus
887 1381 990 1434 propo·

183 1439 269 1489 situm
280 1441 334 1497 ost,
355 1435 416 1486 veri
433 1437 590 1504 reperiendi
606 1454 718 1500 caussa,
739 1445 768 1490 et
784 1444 882 1489 contra
892 1452 989 1489 omnes
1030 1449 1033 1452 ·

99 1518 111 1575 st
182 1503 374 1575 philosophos,
384 1511 414 1558 et
426 1523 475 1574 pro
486 1508 614 1560 omnihus
626 1507 728 1560 dicere.
748 1507 831 1559 Cuius
840 1508 883 1559 rei
891 1512 996 1561 tantae·

181 1584 295 1643 tamque
306 1575 430 1628 difficilis
439 1576 604 1630 facultatem
614 1583 794 1631 consecutum
804 1593 866 1629 esse
877 1592 988 1629 menon

181 1646 332 1714 profiteor3
351 1654 476 1699 secutum
493 1663 553 1700 esse
569 1662 636 1713 prae
651 1662 695 1698 me
711 1647 780 1699 fero.
818 1644 859 1701 12
872 1646 930 1700 Nec
946 1652 990 1699 ta·

179 1716 313 1769 monfieri
346 1723 427 1779 otest,
450 1722 490 1779 ut,
508 1712 554 1782 'qiu
566 1715 736 1767 lucratione
748 1713 990 1779 philosophentur,

178 1783 202 1835 ii
212 1783 281 1836 nihil
293 1730 421 1849 hegcan,
432 1784 506 1851 quod
517 1791 676 1849 seqrrantur,
694 1783 809 1833 Dictum
820 1783 989 1837 estornnino

180 1854 319 1906 haedere
331 1854 386 1904 alio
402 1853 465 1903 loco
478 1852 651 1918 diligentius:
670 1850 719 1902 sed
732 1851 798 1917 quia
808 1850 895 1903 ninus
906 1850 990 1904 iado-

180 1923 249 1976 ciles
261 1923 372 1990 quidam
383 1921 511 1988 tardique
522 1928 596 1986 sunt,
607 1919 775 1971 admonendi
785 1918 917 1973 ridentur
927 1935 990 1974 sae·
1033 1968 1034 1971 ,

180 1994 251 2062 pius.
288 1991 352 2043 Non
367 1992 439 2043 eninr
453 2004 548 2056 sumus
560 1989 595 2052 ii,
617 1991 716 2056 quibus
731 1987 803 2040 nihil
819 2005 914 2043 venun
924 2005 989 2045 esse

181 2063 322 2114 videatur:
334 2060 384 2112 sed
393 2057 424 2121 ii',
435 2058 481 2125 qui
489 2059 619 2111 omnibus
630 2060 704 2110 veris
713 2057 932 2127 falsatquaedam
938 2060 989 2112 ad·

180 2130 277 2184 iuncta
287 2145 347 2181 esse
357 2128 489 2189 dicamus,
500 2134 582 2179 tanta
592 2128 784 2194 similitudine,
796 2131 864 2181 utin
875 2129 912 2181 iis
925 2129 990 2182 nul·

180 2202 210 2254 la
220 2201 288 2252 insit
300 2204 376 2250 certa
385 2195 527 2249 iudicandi
538 2203 568 2249 et
579 2199 751 2253 assentiendi
761 2206 838 2257 nata.
872 2199 918 2257 Ex
929 2214 988 2266 uuo

181 2269 295 2324 exsistit
305 2266 386 2330 illud,
397 2267 730 2336 multaesseprobsbilia:
742 2285 812 2336 quae
819 2284 986 2338 quamquam

181 2354 236 2390 non
242 2334 459 2404 perciperentur,
470 2339 644 2407 tamenquia
651 2340 739 2391 visunt
748 2338 883 2395 haherent
891 2352 989 2404 quern÷

181 2408 245 2461 dam
261 2407 399 2475 insignem
414 2413 442 2461 et
458 2402 614 2474 illustrem,
633 2407 677 2462 his
688 2409 824 2477 seniaatis
834 2408 987 2477 vitarege·

144 2497 148 2507 ¹
176 2482 263 2528 retur.
346 2526 350 2529 .

232 2543 281 2596 vi
300 2542 341 2598 13.
361 2522 987 2616 snram,'ut0nmrmssnnnsnssrem,po

152 2658 155 2661 .
179 2628 244 2689 nam
264 2614 293 2667 in
308 2616 400 2672 medio
417 2620 571 2675 sententias
590 2616 819 2691 philosophorum
834 2618 869 2670 ds
882 2621 985 2670 natura
