2084 3025
260 129 340 187 mn.
358 130 397 186 ll.
434 128 519 188 crll’.
536 130 561 188 1.
575 131 603 188 2.
617 130 644 190 3.
810 133 865 191 23⁹

38 243 121 299 mibi
131 238 269 328 aliquam,
288 244 321 289 ut
331 236 407 307 apud
416 235 564 292 Platonem
575 236 720 306 Socrates,
739 238 801 311 ipse
812 240 862 294 fln-

38 329 129 367 xero.
387 339 389 342 ·

3 431 8 437 ,
90 383 127 434 ll.
148 379 212 431 lloe
221 391 305 445 quum
316 391 413 428 omnes
423 376 667 445 approbavissent:
683 378 766 443 Quod
777 378 863 432 habe·

37 468 110 508 mus
119 450 217 519 igitur,
228 446 328 520 inquit,
339 446 486 500 institutae
497 448 538 500 rei
549 447 678 515 publicae
683 454 743 500 tam
754 448 868 501 clarum-

17 574 21 578 ,
38 539 79 575 ue
93 528 153 574 tom
164 517 292 570 omnibus
302 517 400 568 notum
410 517 569 582 exordium,
590 532 672 585 quam
687 516 770 570 huius
784 518 862 571 urbis

38 585 212 644 condendae
221 585 388 655 principium
395 586 773 657 profectumaltomulotqui
780 595 862 655 patre

38 661 144 716 Marte
158 664 255 721 natus;
277 682 309 696 -·
321 656 505 709 concedamus
517 658 589 710 enim
605 657 698 712 lamae
709 655 862 723 bominum,

38 727 219 799 praesertim
230 740 286 778 non
297 725 469 779 inveteratae
479 727 583 791 solum,
595 727 644 779 sed
656 727 742 780 etiarn
754 726 862 793 sapien·

39 809 94 853 ter
109 814 127 852 a
137 795 290 849 maioribus
300 794 438 863 proditae,
460 797 531 850 bene
542 796 637 849 meriti
648 796 683 849 de
694 797 777 849 rebus
790 810 863 848 com·

40 867 181 922 munibus
190 873 223 917 ut
236 880 339 935 genere
350 866 436 917 etiam
450 872 618 933 putarentur
632 882 687 918 non
697 866 789 917 solum
800 880 862 918 esse

38 936 164 1006 ingenio
176 934 284 999 divino;
295 963 328 973 -
346 935 373 987 is
389 935 492 1003 igitur,
509 942 542 988 ut
552 943 634 989 natus
648 936 687 988 sit
698 950 760 988 cum
772 935 860 987 Remo

39 1009 152 1070 fratre,
157 1005 261 1057 dicitur
266 1005 301 1057 ab
307 1005 427 1067 Amulio,
438 1005 515 1074 Rege
520 1006 637 1070 Albano,
644 1006 679 1059 ob
690 1004 863 1057 labefactan-

41 1079 77 1131 di
87 1074 172 1144 regni
181 1075 310 1127 timorem
322 1074 358 1125 ad
365 1074 491 1128 Tiberim
499 1078 603 1144 exponi
612 1077 706 1128 iussus
718 1090 792 1128 esse:
823 1086 860 1124 uo

38 1150 75 1202 in
88 1147 157 1198 loco
164 1160 250 1213 quum
261 1144 482 1199 essetsilvestris
491 1146 604 1199 belluae
614 1151 787 1198 sustentatus
796 1159 814 1193 u
834 1156 863 1194 e·

41 1220 138 1278 ribus,
150 1221 332 1283 pastoresque
344 1230 406 1268 eum
418 1216 598 1275 sustulissent
608 1222 636 1268 et
646 1216 676 1267 in
687 1213 792 1283 agresti
803 1207 863 1264 cul·

44 1295 82 1341 tu
93 1286 246 1351 laboreque
256 1283 407 1349 aluissent;
423 1284 594 1351 perhibetur,
605 1291 636 1337 ut
646 1284 811 1345 adoleverit,
832 1287 863 1333 et
875 1300 879 1309 ·

46 1354 298 1423 corporisviribus
316 1359 345 1406 et
363 1355 449 1405 animi
468 1353 619 1407 ferocitate
633 1360 743 1406 tantum
759 1342 863 1416 ceteris

42 1425 241 1496 praestitisse,
259 1429 291 1476 ut
301 1438 405 1485 omnes,
417 1424 466 1490 qui
476 1430 536 1476 tum
546 1439 595 1478 eos
606 1437 699 1492 agros,
716 1423 764 1474 ubi
776 1420 863 1475 hodie

46 1502 97 1551 est
107 1494 178 1549 baec
189 1493 265 1558 urbs,
281 1493 451 1558 incolebant,
466 1508 556 1561 aequo
570 1492 661 1545 animo
673 1492 718 1545 illi
729 1491 864 1545 libenter·
952 1529 954 1534 Α
975 1514 984 1521 n

45 1582 109 1638 que
119 1570 259 1632 parerent.
297 1563 420 1625 Quorum
437 1565 529 1630 copiis
541 1578 623 1631 quum
635 1579 665 1615 se
676 1562 772 1616 ducem
783 1577 865 1629 prae·

45 1637 175 1705 buisset,
186 1642 217 1685 ut
229 1633 279 1701 [et]
291 1633 344 1684 iam
358 1632 489 1684 stabulis
501 1632 538 1685 ad
549 1633 625 1685 laeta
636 1632 794 1694 veniamus,
817 1645 865 1697 op·

43 1704 191 1776 pressisse
199 1703 324 1770 Longam
331 1701 428 1754 Albam
439 1701 561 1754 validam
572 1702 669 1753 urbem
680 1709 708 1757 et
718 1705 865 1768 potentem

44 1774 227 1841 temporibus
247 1772 324 1835 iliis,
351 1772 545 1841 Amuliumque
564 1770 670 1840 Regem
687 1770 863 1825 interemisse

37 1851 155 1905 ‚ser-tur·

105 1913 152 1964 lli.
172 1911 233 1974 Qua
245 1910 445 1978 gloriaparta‚
464 1907 562 1963 urbem
578 1909 723 1977 auspicato
735 1909 865 1976 condere,

46 1989 82 2037 et
93 1983 206 2034 firmare
217 1980 320 2032 dicitur
331 1980 450 2047 primum
462 1980 632 2047 cogitavisse
643 1976 863 2048 rempublicam.

37 2052 126 2107 ‚Urbi
140 2058 232 2103 entem
244 2050 352 2112 locum,
372 2048 446 2118 quod
458 2054 502 2101 est
511 2049 554 2112 ei,
575 2051 623 2118 qui
633 2049 794 2102 diuturnam
804 2062 865 2103 rem
879 2060 882 2067 ’

46 2122 197 2193 publicam
217 2135 311 2172 serere
333 2123 462 2181 conatur,
482 2117 533 2170 dili
553 2119 698 2173 entissime
718 2120 864 2188 providen-

47 2194 130 2254 dum,
141 2189 300 2242 incredibili
310 2188 520 2255 opportunitate
527 2133 643 2259 delegit.
662 2188 778 2257 „Neque
790 2190 879 2241 enim*

37 2262 109 2328 „ad
125 2275 202 2313 nrare
213 2259 350 2321 admovit,
372 2257 446 2325 quod
463 2257 613 2312 cibritilln
623 2275 707 2311 manu
718 2259 865 2327 copiisque

47 2330 258 2398 „facillimum“
277 2333 311 2379 ut
321 2328 348 2378 in
361 2343 459 2394 agrum
469 2327 637 2380 Rutulorum
647 2328 865 2396 Aboriginumve

48 2399 233 2470 procederet3
253 2404 303 2450 aut
321 2397 350 2448 in
366 2397 441 2449 ostio
456 2397 603 2461 Tiberino,
623 2412 704 2464 quern
725 2398 754 2449 in
770 2398 864 2451 locum

47 2466 152 2533 multis
166 2473 230 2535 post
246 2467 324 2519 annis
339 2467 400 2520 Rex
409 2468 500 2519 Ancus
516 2466 656 2519 coloniam
672 2467 801 2529 deduxit,
819 2481 865 2518 ur-

47 2541 117 2592 bem
129 2541 190 2604 ipse
202 2537 349 2601 conde1·et;
370 2535 420 2590 sed
430 2535 484 2589 hoc
498 2537 543 2589 vir
558 2536 707 2589 excellenti
717 2536 864 2603 providen·
948 2575 953 2580 .

40 2611 96 2662 tia
106 2608 194 2675 sensit
204 2622 237 2658 ac
247 2606 326 2669 vidit,
335 2624 390 2660 non
397 2606 714 2675 esseopportunissinnos
725 2608 794 2657 situs
805 2620 863 2658 ma·

49 2678 168 2747 sitimus
179 2676 293 2731 urbibus
305 2676 359 2743 eis,
379 2692 449 2748 quae
460 2677 497 2732 ud
508 2692 585 2748 spem
596 2674 789 2757 diuturnitatis
800 2689 852 2729 con
