2084 3025
194 110 273 164 tas·
465 104 522 158 DE
544 102 729 158 omens
784 129 787 131 ·
831 129 837 141 ¹

196 209 375 264 arbitramur.
411 205 454 259 34.
471 208 581 259 Harum
593 208 680 275 igitur
691 208 808 259 duarum
820 204 857 257 ad
869 201 953 257 tidem
964 199 1003 255 ts·

191 280 324 334 siendum
343 276 455 329 iustitia
474 278 537 344 plus
553 277 654 344 pollet:
676 278 777 346 quippe
794 291 881 343 quum
896 289 931 325 ea
945 273 1003 324 sine

195 348 344 419 prudentia
358 348 428 399 satis
445 345 547 398 habeat
566 347 759 407 auctoritatis,
781 342 1003 412 prudentissime

195 419 307 470 iustitia
322 414 392 468 nihil
407 416 500 468 valeat
511 413 715 467 arefaciendam
726 416 819 467 iidem.
856 414 919 476 Quo
930 412 1002 463 eninr

196 489 257 556 quis
271 488 411 539 versutior
424 493 453 538 et
471 485 603 537 callidior
617 486 703 553 [est]‚
723 484 776 537 i'roe
785 485 905 535 invisior
917 489 946 534 et
960 497 1002 531 su·

195 557 326 624 apertior,
340 556 468 608 detracta
478 556 610 623 opinione
622 556 778 621 probitatis.
815 552 1003 616 Quamobrem

195 626 401 696 intelligentiae
410 626 521 677 iustitia
532 625 686 686 coniuncta,
707 630 840 693 quantum
851 621 939 684 solet,
959 617 1004 671 ha·

195 696 274 749 bebit
288 695 324 746 ad
340 694 496 747 faciendum
508 696 591 746 iidem
603 696 713 747 uirium.
748 693 862 745 lustitia
871 691 933 742 sine
943 704 1004 757 pru·

197 765 292 819 demis
301 764 419 816 multum
428 768 545 831 poterit:
556 765 617 815 sine
626 764 739 816 iustitia
749 762 821 814 nihii
831 761 1005 826 solebitpru·

198 836 302 890 dentis.
338 833 373 885 X.
385 831 428 886 35.
439 833 503 897 Sed,
517 850 550 885 ne
561 834 620 901 quis
631 834 670 884 sit
679 834 841 894 admiratus,
853 845 911 891 cur,
921 843 1004 896 quom

196 905 271 957 iuter
281 920 375 956 omnes
386 902 570 971 philosophos
580 910 698 968 constet,
714 920 732 955 a
741 917 839 970 meque
849 900 911 968 ipso
922 912 1004 965 saepe

197 975 369 1041 disputatum
380 973 425 1035 sit,
437 974 485 1039 qui
496 988 578 1024 unam
589 972 713 1035 haberet,
729 987 824 1024 omnes
836 969 940 1022 habore
952 968 1004 1019 rir-

197 1049 281 1104 tutos‚
295 1041 416 1093 nunoita
426 1043 579 1109 seiungam,
599 1044 677 1111 quasi
688 1043 777 1109 possit
787 1041 942 1109 quisquam,
959 1036 1004 1106 qui

198 1127 252 1166 noo
264 1110 336 1162 idem
349 1111 470 1177 prudens
482 1114 530 1175 sit,
542 1114 632 1165 iustus
643 1128 717 1164 esse:
730 1111 789 1163 ulia
797 1116 841 1161 est
852 1109 911 1170 ilio,
922 1121 1003 1175 quom

198 1181 304 1233 ueritas
313 1181 377 1246 ipsa
387 1179 503 1233 limatur
512 1183 541 1233 in
550 1182 749 1249 disputatione,
759 1180 916 1242 subtilites3
938 1175 1003 1236 alia,

199 1265 281 1317 quum
298 1249 334 1302 ad
350 1250 508 1317 opinionem
526 1267 698 1305 communem
713 1251 801 1303 omnis
812 1244 1004 1302 accommode·

153 1372 158 1382 ,
199 1328 253 1382 tur,
266 1319 368 1372 oratio.
389 1319 587 1385 Quamobrem,
602 1330 634 1373 ut
645 1321 754 1388 rorigus,
765 1321 807 1371 ita
816 1333 868 1370 nos
879 1314 1004 1369 hocloco

199 1389 352 1457 loquimur,
371 1396 403 1440 ut
418 1390 489 1441 elios
504 1390 607 1455 fortes,
628 1392 700 1443 alios
716 1392 806 1444 bonos
821 1389 911 1451 uiros,
935 1385 1005 1440 abus

199 1458 347 1529 prudentes
372 1459 507 1512 dicamus.
543 1461 726 1530 Popularibus
752 1461 826 1514 enim
848 1458 942 1511 verbis
963 1459 1005 1509 est

198 1530 335 1598 egendum
346 1538 374 1582 et
385 1531 508 1594 usitatisp
521 1547 605 1599 quom
617 1533 759 1599 loquimur
770 1532 805 1584 de
816 1528 949 1598 opinione
958 1539 1006 1595 po-

199 1600 298 1669 pulari,
315 1599 400 1667 idque
410 1600 507 1653 eodem
518 1602 602 1654 modo
614 1602 681 1655 fecit
691 1602 851 1654 Panaetius.
887 1597 931 1652 bo.
951 1593 1006 1651 sed

198 1669 234 1722 ud
253 1671 426 1737 propositum
449 1679 632 1724 revertamur.
668 1672 739 1725 Erat
757 1671 892 1739 igiturex
906 1669 1006 1728 tribus,

199 1752 270 1807 quoe
281 1738 317 1792 ad
328 1739 446 1808 glorium
459 1741 611 1806 pertinent,
633 1740 687 1793 hoc
698 1741 825 1802 tertium,
845 1747 878 1791 ut
888 1753 949 1792 eura
959 1736 1006 1789 od·

198 1809 341 1863 romanens
351 1808 499 1874 horiiinum,
521 1810 622 1863 honore
636 1811 671 1864 ab
680 1811 716 1864 iis
728 1809 804 1878 digni
813 1806 1007 1861 iudicaremur.

197 1877 382 1930 Admirantur·
396 1879 484 1947 igitur
503 1881 692 1934 communiter
708 1880 751 1932 illi
772 1878 882 1947 quidem
901 1875 1007 1939 amois,

173 2008 175 2015 y
199 1962 269 2015 quae
284 1960 385 2015 magna
401 1957 430 2000 et
446 1958 558 2016 praeter
568 1951 727 2018 opinionem
745 1964 823 2000 surum
835 1945 1008 1999 animadver-

198 2023 305 2069 terunt:
325 2019 478 2085 separatim
493 2027 587 2071 autem
603 2022 633 2071 in
643 2018 777 2087 siugulis,
795 2018 820 2069 si
835 2015 1009 2085 perspiciunt

197 2100 250 2138 nee
266 2087 381 2152 opinata
397 2088 531 2154 quaedum
547 2086 631 2142 bona.
666 2091 762 2158 ltaque
773 2087 908 2142 eosriros
921 2085 1009 2152 suspi·

199 2154 275 2207 eiust
285 2156 469 2224 maximisque
481 2159 601 2225 efferunt
612 2158 752 2222 laudibus,
762 2159 791 2210 in
802 2155 904 2224 quibus
915 2153 1009 2208 existi·

198 2231 278 2276 mant
292 2240 322 2278 se
337 2225 509 2279 eueeilentes·
521 2229 655 2296 quasdam
670 2236 699 2283 et
713 2227 871 2297 singulares
890 2225 1009 2278 virtutus

199 2295 370 2363 perspicere3
390 2294 547 2362 despiciunt
563 2305 658 2351 autern
667 2315 716 2351 eos
726 2305 755 2351 et
764 2300 961 2357 contemnunt,
979 2293 1010 2346 io

199 2364 298 2431 quibus
309 2362 379 2419 nihii
390 2365 512 2429 uirtutis,
529 2366 601 2419 nibil
612 2368 707 2430 animi,
719 2367 789 2420 nihil
800 2380 952 2419 neruorum
962 2377 1010 2432 po·

197 2436 269 2487 tunt.
304 2433 368 2486 Non
383 2435 457 2486 euim
474 2447 569 2489 omues
585 2454 635 2491 eos
646 2442 838 2500 contemnunt,
859 2432 1010 2503 dequibus

196 2503 272 2557 maie
287 2503 456 2556 existimant.
492 2504 564 2556 Nam
580 2523 649 2574 quos
664 2508 822 2575 improbos,
842 2503 1009 2564 maledicos,

196 2568 388 2625 fraudulentos
408 2579 520 2640 putant,
542 2583 573 2627 et
595 2577 631 2630 ad
646 2576 802 2629 faciendum
818 2575 955 2628 iniuriam
969 2572 1009 2624 iu·

189 2642 330 2707 'structos
349 2656 398 2697 eos
408 2640 483 2696 haud
494 2651 675 2701 contemnunt
685 2647 808 2717 quidem
829 2645 1008 2714 ununquam
