2084 3025
217 88 220 93 ’
262 121 596 180 eousounrro.
634 85 686 175 ⁹.
777 118 832 177 aaa

46 228 176 300 uidquam
187 227 317 297 llagitare
329 227 489 291 credamus,
507 244 599 296 quam,
614 233 645 280 ut
655 225 685 280 id
694 225 785 295 ipsum
798 226 833 278 il·

47 318 69 365 s,
80 317 133 368 quo
143 301 264 352 maxime
275 298 454 360 delectamur,
465 299 630 350 tribuamus.
647 299 727 350 Haec
737 304 833 350 autem

46 372 118 423 loria
139 377 182 422 est
204 376 232 422 et
251 368 365 420 assidua
383 368 497 420 illorum
518 369 632 419 virtutis
658 366 832 419 recordatio:

45 456 109 492 uam
121 440 146 491 si
156 454 285 491 sermone
295 438 515 505 laudationeque
528 444 625 489 nostra
643 437 833 489 itnrnortalem

45 510 135 562 liieere
155 509 248 571 liceat,
266 507 321 558 hoe
336 521 391 558 ano
408 507 442 558 de
457 508 577 558 mortuis
595 522 645 558 nos
660 506 706 557 nel
727 507 833 572 optime

45 581 146 631 neritus
160 579 321 630 existimare
332 592 484 647 possemus.
521 576 605 639 Quid,
618 575 691 644 quod
703 591 774 639 eum,
786 575 833 643 qui

45 650 66 701 ic
76 648 185 712 doleat,
205 655 236 700 ut
246 648 369 699 recreari
384 647 598 715 confirmarique
610 662 664 696 non
675 646 780 712 possit,
800 659 834 696 ae

47 718 149 769 irinum
162 718 273 785 quidem
284 732 386 769 numen
397 715 519 779 horrere,
541 716 737 795 saqientissimi
748 712 835 764 laomi-

47 804 76 840 es
86 787 285 856 prodiderunt?
297 785 414 853 impium
426 791 520 838 autem
532 792 582 848 est,
593 787 692 853 quibus
703 783 836 836 debemus

44 859 136 920 mnia,
155 858 191 908 iis
208 858 357 927 pessimam
373 856 479 909 referre
494 857 627 924 gratiam:
651 860 747 906 eontra
757 867 836 916 veru,

43 928 74 993 ¹ui
85 927 201 980 deorum·
212 926 350 978 voluntati
360 933 520 993 paruerunt,
532 925 656 993 nihilque
666 941 705 988 se,
715 923 789 991 quod
800 922 836 974 ab

43 998 86 1049 llis
97 998 173 1048 ultro
186 997 309 1058 daretur,
324 996 445 1048 <moleste
458 997 532 1048 ferre
544 995 768 1055 declaraverunt,
787 1008 836 1044 eos

43 1083 84 1118 ion
94 1067 185 1118 solum
198 1067 324 1118 virentes
335 1065 484 1133 praecipua
495 1066 579 1117 laude
591 1064 700 1117 ornarit
717 1062 837 1129 antiqui·

44 1153 88 1198 as,
107 1135 254 1188 sedetiam
267 1152 282 1186 e
293 1136 353 1187 vita
365 1151 493 1203 egressos
504 1141 639 1203 perpetuo
652 1133 740 1185 uoluit
750 1130 836 1184 hono·

42 1220 73 1255 e:
95 1204 179 1271 idque
190 1220 223 1257 ao
234 1205 388 1256 studiosius
400 1221 433 1257 ac
442 1206 590 1268 libentius,
609 1205 635 1255 si
647 1219 716 1273 quos
725 1203 836 1254 intelle·

42 1274 72 1325 zit
93 1289 155 1325 eum
179 1273 293 1326 deorum
320 1276 397 1326 eultu
423 1275 653 1328 exercitationem
674 1272 786 1325 virtutis
807 1278 837 1324 et
907 1335 910 1339 .
954 1298 956 1302 ·

42 1344 207 1410 iraecipuam
225 1344 255 1395 in
268 1346 402 1396 mortales
416 1344 629 1398 beneficentiam
652 1341 836 1395 coniunxisse.

42 1414 106 1465 ieite
118 1408 259 1479 profecto,
279 1419 310 1463 ut
326 1421 419 1465 eetera
434 1413 522 1465 ferme
538 1414 639 1465 oannis.
676 1411 750 1474 Quid
762 1411 837 1463 enim

41 1483 131 1535 naiori
140 1482 222 1534 laude
232 1482 345 1550 dignum
355 1498 389 1535 ex
397 1483 524 1535 omnibus
533 1484 617 1537 relius
625 1480 752 1535 humanis
763 1496 836 1534 eom·

41 1568 185 1605 nenturare
193 1553 340 1619 possimus,
353 1568 434 1619 quam
446 1554 517 1615 eum,
529 1555 574 1620 qui
584 1554 670 1605 vitam
681 1553 764 1605 ducat
774 1555 838 1606 eunt

41 1624 136 1674 rirtute
148 1624 336 1683 coniunctam,
356 1622 391 1672 ad
406 1622 520 1674 deorum
537 1623 641 1675 cultum
657 1630 740 1691 atque
751 1622 840 1690 hono·⁴
855 1673 863 1684 ,

41 1708 99 1756 ern,
118 1698 282 1760 perpetuum
292 1691 321 1742 in
332 1689 455 1743 homines
466 1693 588 1745 studium
601 1708 633 1744 ae
644 1694 777 1759 pietatem
790 1706 838 1759 ag·

41 1762 164 1830 {rogaret
190 1776 241 1815 nee
256 1760 404 1829 quidquam
420 1763 559 1813 tantulum
573 1762 656 1813 modo
669 1764 696 1812 in
709 1762 768 1814 eius
780 1761 838 1812 ani·

41 1847 76 1882 no
85 1832 216 1893 existere,
226 1830 299 1897 quod
310 1847 363 1881 non
372 1830 416 1882 rel
427 1832 537 1898 pietati,
550 1832 595 1883 rel
606 1830 781 1894 humanitati,
792 1830 839 1883 vel

41 1901 149 1970 lenique
159 1901 258 1950 virtuti
269 1901 306 1955 sit
316 1900 549 1952 consentaneum?
560 1900 619 1953 Nee
629 1902 712 1953 aliam
722 1918 790 1953 sane
802 1903 838 1953 ob

41 1986 157 2022 taussam
168 1969 326 2035 perturbari
341 1985 449 2021 omnem
462 1971 547 2022 vitam
560 1986 654 2026 errore
670 1972 838 2039 inscitiaque

41 2038 173 2101 ridemus,
194 2039 249 2089 nisi
265 2039 350 2107 quod,
371 2055 442 2108 quae
462 2040 491 2091 in
511 2039 631 2093 hunonis
652 2042 713 2092 rita
732 2040 839 2107 praeei-

41 2123 85 2161 tua
96 2109 157 2159 esse
168 2106 311 2170 deberent,
328 2113 419 2177 pletas
431 2125 498 2179 erga
508 2110 590 2174 deos,
612 2112 642 2162 in
654 2110 780 2161 honriues
790 2110 838 2163 be·
903 2112 923 2134 ‘'

41 2178 191 2239 reticentia,
212 2178 302 2228 virtus
323 2180 352 2229 in
372 2180 493 2247 ingeniis
513 2196 547 2231 ac
567 2183 704 2242 moribus,
724 2195 758 2231 ea
777 2178 838 2233 fere

40 2248 124 2299 ›mnin
134 2245 326 2314 negliguntur:
343 2250 494 2317 eademque
503 2251 623 2312 ratione,
634 2264 705 2318 quae
717 2250 837 2301 maxime

41 2319 121 2371 itare
133 2318 309 2378 deberemus,
329 2334 363 2369 ea
373 2319 498 2371 studiose
512 2321 678 2387 expetimus,
698 2326 838 2386 caecoque

43 2397 137 2455 mpetu
148 2386 266 2439 ferimur
278 2387 312 2437 ad
324 2387 384 2451 illa,
397 2389 494 2456 quibus
505 2389 565 2440 vita
576 2396 672 2440 ntistra
683 2389 766 2456 plane
777 2387 839 2442 fera

41 2464 115 2524 itque
135 2457 263 2509 irrrnianis
280 2456 407 2509 efficitur.
444 2458 487 2509 Ex
504 2457 560 2511 hoe
576 2458 654 2510 l’onte
670 2457 839 2526 cupiditates

43 2526 204 2579 nsatiabiles
220 2528 394 2592 exoriuntur,
416 2528 515 2595 quibus
536 2543 591 2580 non
608 2528 691 2579 modo
713 2529 846 2595 singulos,

41 2597 170 2659 nomines,
195 2596 244 2649 sed
262 2602 339 2648 totas
359 2598 479 2650 familias
500 2606 529 2650 et
551 2600 693 2650 universas
715 2597 839 2650 funditus

41 2681 141 2722 iterem
152 2666 282 2721 tilitates
292 2666 445 2746 videraut:⁸
456 2676 606 2739 praeterea
620 2668 782 2735 seditiones,
797 2663 844 2720 in(
