2084 3025
216 127 270 183 288
483 123 546 178 DE
565 121 754 177 suemus

219 227 310 297 moria
320 233 405 297 atque
415 230 511 280 aetate
520 233 630 280 nostra:
646 234 706 280 tum
719 232 813 279 antem
822 224 946 279 hominis
959 224 1017 278 sni·

221 300 340 363 nissimi,
361 300 409 350 Cn.
419 298 558 364 Pompeii,
580 298 679 350 laudes
696 297 861 349 illustrabit.
898 298 1020 348 lncurrct

222 374 307 425 ctiam
317 370 347 418 in
357 368 494 420 illummet
506 369 714 420 memorabilem
725 383 826 418 annum
837 381 929 418 suurn.
949 370 1021 430 Quae

222 443 258 493 ab
269 440 326 490 isto
337 438 411 491 malo
422 437 591 503 praedicari,
607 454 688 506 quam
700 443 732 488 ut
744 438 832 497 aiunt,
851 437 886 488 de
899 437 987 488 Remo
997 439 1022 487 et

221 508 351 562 Romulo.
387 508 427 559 M.
438 507 570 573 lntelligo
582 507 711 575 equidem
725 523 743 557 a
751 523 795 557 me
804 506 890 557 istum
902 508 1022 558 lahorem

222 578 327 632 iamdiu
337 569 484 644 poitulari
494 578 599 628 Attice:
615 592 695 644 quem
705 592 759 626 noa
768 590 935 638 recusarem,
945 578 970 626 si
980 574 1023 626 mi·

222 646 252 701 hi
263 649 350 700 ullum
362 648 532 698 tribueretur
541 662 658 698 vacuum
668 652 778 712 tempus
789 646 956 699 etliberum.
969 644 1024 696 bie·

223 735 277 787 que
288 718 361 771 enim
372 722 511 783 occupata
520 731 615 783 opera,
626 715 861 783 neque-impedito
866 717 973 777 animo,
984 727 1031 783 rct

224 795 305 842 tanta
322 788 429 852 suscipi
444 791 546 852 potest.
582 787 736 853 Utrumque
755 801 824 852 opus
839 793 895 849 est,
914 792 945 837 et
957 797 1024 836 v(siro

224 872 335 919 vacare,
347 861 375 907 et
386 858 509 923 negotio.
546 857 572 908 9.
580 858 670 907 iiiia.
686 855 776 918 ouidi
794 855 829 905 ad
842 865 936 907 cetera
947 859 1024 922 (quae

225 927 362 995 scripsisti
372 926 468 993 plura,
488 940 571 992 quam
583 927 726 993 quisquam
736 941 752 976 e
763 926 879 985 nostris)
893 926 969 992 quod
977 922 1026 977 tibi

227 997 339 1051 tandein
351 1002 459 1062 tempus
470 1010 588 1049 vacuum
599 995 655 1046 fuit
666 996 844 1047 concessum?
852 996 893 1047 Μ.
904 993 1024 1047 subseci-

227 1084 264 1119 ra
274 1065 409 1134 quaedam
418 1072 550 1131 ternpore
558 1065 713 1127 incurrunt,
725 1081 795 1131 quae
806 1066 965 1132 egirrperire
975 1078 1027 1116 noa

227 1136 333 1203 patior:
345 1141 377 1185 ut
382 1135 412 1185 si
423 1135 472 1202 qui
482 1135 541 1187 dies
552 1135 588 1186 ad
598 1136 788 1187 rusticandum
793 1135 858 1185 dati
869 1136 934 1199 sint,
946 1136 981 1187 ad
986 1149 1027 1187 eo·

226 1220 289 1257 rum
299 1219 443 1255 numerum
452 1204 706 1269 accommodentur,
717 1221 788 1272 quae
799 1206 955 1258 scribimus.
981 1204 1036 1275 Ηίχ

227 1275 455 1331 storia-veronec
463 1275 692 1342 instituipotest,
705 1276 769 1327 nisi
775 1282 945 1342 praeparato
957 1278 1027 1337 otim

225 1362 278 1400 nec
294 1345 396 1414 exiguo
412 1351 538 1412 tempore
553 1345 672 1397 absolsi:
694 1351 724 1397 et
737 1359 790 1412 ego
811 1347 896 1396 animi
911 1346 1027 1413 pendere

227 1416 313 1478 soleo,
337 1415 517 1482 quum,se1nel
527 1414 594 1481 quid
605 1430 693 1478 orsus,
710 1415 846 1476 traducor
855 1415 928 1480 ali03
942 1429 1026 1486 neque

226 1485 1038 1554 tamfacileinterruptacontexo,quamabsoiveinstituts,

211 1549 270 1610 ⁸10.
289 1558 370 1609 Ara.
384 1555 569 1624 Legationem
586 1557 706 1623 aliquam
720 1556 853 1608 nimirum
869 1559 962 1610 oratio
971 1559 1030 1608 ists

225 1627 419 1696 postuloteaut
429 1626 565 1678 eiusmodi
572 1628 734 1694 quampiam
747 1628 902 1680 oessionem
914 1628 1028 1680 libsssm

229 1703 311 1763 etque
324 1696 453 1747 otiosam.
474 1695 514 1747 M.
521 1697 582 1762 Ego
594 1711 660 1748 vero
672 1698 773 1757 nentis
784 1699 881 1765 potius
890 1696 1031 1750 vacationi

193 1807 196 1816 .
228 1766 411 1828 confidebam,
422 1780 505 1832 quum
512 1767 675 1831 praesertim
683 1783 913 1831 nonrccusarem,
923 1783 975 1835 quo
983 1767 1031 1819 mi·

227 1853 286 1898 nus,
297 1851 374 1888 more
381 1838 473 1902 patrio
480 1836 701 1899 sedensinsolm,
708 1837 1032 1905 considentibusrespos·

228 1906 331 1968 dorem,
342 1905 549 1972 senectutisque
559 1921 613 1956 non
624 1905 723 1958 inertis
731 1913 816 1973 grato
822 1909 909 1974 atque
914 1907 1031 1960 honesto

228 1975 360 2041 fungerer
374 1990 497 2028 munere.
534 1973 581 2026 Sic
596 1976 668 2027 enim
684 1975 751 2027 mibi
768 1978 867 2029 liceret
878 1985 911 2029 et
917 1979 969 2030 isti
980 1978 1032 2038 rei,

228 2059 310 2112 quem
320 2045 472 2107 desideras,
493 2049 521 2097 et
531 2044 628 2095 multis
637 2045 813 2098 uberioribus
825 2054 911 2167 atque
921 2047 1034 2099 maiori·

123 2157 137 2166 ..
228 2114 288 2177 bus,
299 2128 411 2181 operae,
424 2121 557 2182 quantum
566 2114 675 2178 veliem,
687 2116 764 2168 dare.
782 2115 830 2168 W.
842 2113 856 2167 1
878 2119 977 2170 ,Α’ττ.
987 2118 1033 2168 At·

228 2183 276 2251 qui
286 2199 398 2247 vereor,
417 2185 546 2235 ne'istam
557 2200 683 2236 caussam
698 2199 781 2237 nemo
791 2193 905 2238 noscat:
927 2188 1033 2253 tibique

228 2268 337 2319 semper
349 2254 496 2305 dicenduin
508 2255 554 2316 sit,
575 2261 602 2306 et
613 2269 646 2306 eo
657 2256 761 2323 magis,
781 2256 857 2322 quod
866 2263 897 2308 te
907 2257 966 2324 ipse
975 2271 1036 2307 niu·

227 2324 312 2385 testi,
332 2329 361 2375 et
373 2322 451 2374 aliud
459 2323 569 2376 dicendi
579 2325 838 2393 instituistigcnuse
857 2332 891 2378 ut
904 2325 1035 2395 quemad-

227 2391 340 2444 modum
351 2392 477 2455 Rosoius,
495 2392 642 2444 familiaris
654 2401 728 2458 tuus,
747 2396 777 2445 in
788 2403 933 2450 senectute
944 2412 1035 2447 nume

226 2473 275 2512 ros
286 2461 316 2513 in
328 2466 410 2513 contu
422 2461 574 2524 ceciderat,
594 2464 727 2531 ipsasque
736 2465 877 2517 tardiores
889 2467 996 2518 fecorat
1007 2466 1035 2517 ti·

226 2528 304 2582 bins:
326 2532 368 2583 sic
379 2536 409 2582 tu
422 2548 438 2583 s
449 2533 684 2598 contentionibus,
704 2534 804 2601 quibus
814 2538 931 2588 summis
943 2537 985 2587 uti
998 2531 1034 2586 so

225 2597 314 2663 lebes,
326 2600 451 2668 quotidie
462 2596 700 2669 relaxos'aliqu'id,
709 2609 741 2653 ut
752 2604 807 2654 ianr
819 2606 912 2656 oratio
923 2612 972 2657 tua
983 2620 1034 2656 nor

175 2693 177 2700 ·
226 2668 346 2722 stultum
357 2686 374 2722 o
384 2668 613 2738 philosophorum
625 2673 740 2725 lenitoto
752 2674 833 2725 absit.
863 2675 947 2737 Quod
958 2676 1034 2725 susti
