2084 3025
248 123 329 178 um.
347 125 405 179 in.
439 100 526 183 esa
544 128 586 184 aa.
604 128 647 184 a.
795 129 845 187 to

16 228 18 235 ’
53 235 187 298 receptans
192 229 298 282 retulit.
310 230 353 282 87.
358 229 493 284 Nimirum
498 238 583 286 reete.
594 231 848 302 Propterrirtuteus

50 302 116 352 enim
129 301 192 351 iure
206 300 365 365 laudamur,
388 307 416 352 et
430 301 460 353 in
473 304 577 355 virtute
590 310 666 355 recte
684 302 846 371 gloriamur.

49 370 126 434 Quod
136 384 192 420 non
201 371 388 441 contingeret,
408 371 433 421 si
441 371 473 422 id
484 371 586 424 donum
595 389 612 425 a
621 372 692 435 Deo,
710 390 765 426 nou
776 388 793 425 a
803 388 850 425 uo·

51 439 90 491 bis
100 437 276 492 haberemus.
312 440 348 492 At
357 454 424 493 vero
436 447 485 493 aut
495 439 644 495 honoribus
656 444 741 505 aneti,
760 449 849 496 autre

51 509 195 571 familiari,
214 514 263 560 aut
269 508 298 560 si
308 509 384 561 aliud
397 511 538 577 quippiam
552 513 627 564 nacti
636 527 730 563 sumus
740 512 851 564 fortuiti

52 578 113 630 boni
123 584 173 630 aut
184 578 341 645 depulimus
349 579 429 642 mali,
450 595 533 649 quum
544 580 607 633 Diis
618 582 722 648 gratias
734 583 852 649 agimus,

54 655 106 700 tum
116 646 190 699 nihil
199 655 314 701 nostrae
325 648 402 701 laudi
409 656 580 716 assumptum
587 651 762 703 arbitramur.
778 651 850 703 Num

54 719 118 786 quis,
127 718 207 786 quod
217 718 445 780 bonusviresset‚
456 720 565 786 gratias
571 719 633 771 Diis
640 721 832 788 egitumquam
842 720 852 772 i

54 790 87 839 nt
95 788 166 855 quod
178 787 268 850 dives,
278 787 354 855 quud
364 786 525 851 honoratus,
536 789 610 856 quod
621 789 776 841 incolumis.
811 790 853 840 le·

55 872 165 924 nemque
176 858 330 924 optimum,
350 857 516 922 maximum,
538 857 574 909 ob
584 873 631 911 aas
646 874 692 910 res
704 857 854 926 appellant,

54 926 192 994 nonquod
204 942 256 979 uos
266 928 367 991 iustos,
386 934 569 994 temperatus,
589 929 729 996 sapientes
742 927 853 988 efficiat,

54 997 99 1048 sed
109 995 182 1063 quod
195 997 298 1060 salvos,
307 996 474 1061 incolumes,¹
483 997 639 1064 opulentos,
651 996 788 1064 copiosos.
810 995 854 1047 88.

53 1065 144 1134 Neque
158 1067 280 1116 Herculi
298 1066 451 1135 quisquam*
465 1067 610 1119 decumam
626 1065 853 1132 nonnumquam,

54 1136 77 1186 si
98 1135 210 1202 sapiens
234 1135 325 1186 faetus
350 1142 433 1184 aaa.
460 1135 651 1203 'Quamquam
670 1134 855 1204 Pythagoras,

55 1204 135 1272 quum
141 1206 172 1256 in
182 1204 340 1272 geometria
355 1200 486 1269 quiddam
502 1204 569 1255 novi
582 1206 746 1271 invenisset,
766 1203 855 1254 Musis

54 1273 147 1327 bovem
154 1272 322 1324 immolasse
333 1271 443 1324 dieitur.
472 1269 528 1324 Sed
536 1271 566 1323 id
576 1274 686 1341 quidem
698 1289 752 1324 non
763 1271 857 1333 credo,

56 1345 181 1410 quoniam
196 1342 248 1393 ille
262 1358 297 1394 no
307 1341 433 1408 Apollini
449 1341 560 1411 quidem
569 1342 653 1396 Delio
668 1341 791 1394 hostiam
805 1343 857 1392 im·

55 1413 157 1466 molare
172 1408 277 1474 voldit,
297 1428 332 1464 ne
348 1420 426 1464 Mam
444 1411 578 1478 sauguine
592 1412 781 1480 adspergeret.
816 1409 858 1460 Ad

55 1495 109 1535 rem
119 1488 215 1535 autem
225 1488 258 1534 ut
266 1482 392 1546 redeam,
412 1481 548 1534 iudicium
559 1478 613 1534 hoc
623 1483 746 1534 omnium
757 1485 859 1531 morta·
879 1512 883 1520 ι

55 1552 120 1605 lium
131 1560 184 1615 est,
196 1552 342 1605 fortunam
353 1552 438 1604 aDeo
450 1542 610 1619 petendam,
620 1566 638 1602 a
647 1553 745 1618 seipso
751 1564 859 1601 suntan-

56 1621 114 1674 dam
125 1638 188 1675 esse
199 1622 377 1690 sapientiam.
408 1621 545 1683 Quamvis
554 1621 623 1672 licet
632 1621 722 1673 Menti
733 1619 857 1681 delubra,

56 1691 201 1757 etVirtuti,
213 1692 329 1745 etFidei
340 1693 547 1756 consecremus;
559 1696 650 1742 tamen
661 1690 731 1742 haee
740 1689 770 1741 in
778 1689 859 1740 nobis

55 1761 118 1828 ipsis
128 1763 185 1815 sita
197 1763 338 1815 ridemus:
348 1760 430 1829 Spei,
445 1760 559 1824 Salutis,
570 1761 646 1828 Opis,
661 1759 809 1812 Victoriae
820 1757 859 1810 ia·

59 1832 142 1883 cultas
152 1848 170 1884 a
182 1829 249 1884 Diis
258 1832 415 1899 expetenda
424 1836 476 1884 est.
495 1831 687 1899 improborum
699 1830 786 1898 igitur
796 1843 859 1897 pro·

59 1903 203 1967 speritates
213 1903 408 1971 secundaeque
416 1917 462 1954 res
477 1901 648 1971 redarguunt
664 1901 771 1962 (utDio
791 1914 858 1964 enas

59 1915 857 2041 doebatmimonnenneorunnepotestatem.xxiva.

59 2035 96 2090 ω.
114 2039 152 2091 At
165 2054 374 2109 nonnumquam
386 2042 475 2093 bonos
485 2041 578 2095 exitus
590 2041 692 2096 habent
702 2040 778 2093 boni.
793 2040 858 2091 'Eos

58 2107 162 2173 quidem
183 2108 336 2175 arripimus
356 2110 590 2180 attribuimusqu'e
605 2113 664 2165 sine
679 2109 858 2180 ullaratiene

58 2173 112 2229 iliis
127 2178 350 2248 immortalibus.
375 2179 421 2246 'At
429 2180 583 2249 Diagoras,
606 2183 688 2249 quum
699 2180 859 2234 Samothra·

59 2245 129 2299 tiam
149 2248 285 2311 venisset,
305 2247 410 2303 Atheos
421 2251 477 2314 ille
485 2252 536 2318 'qui
548 2251 658 2315 dieitur,
671 2258 754 2319 atque
765 2254 790 2302 ei
802 2251 870 2317 qui-,

59 2313 245 2381 meminus,
274 2353 292 2380 ,‚
298 2319 352 2385 Tu,
366 2322 414 2387 qui
425 2320 502 2372 Deos
513 2328 594 2387 putas
605 2321 726 2390 humana
736 2321 860 2387 negligo·

60 2397 96 2450 re,
116 2402 217 2442 nonne,
226 2388 431 2442 animadvertis
446 2405 481 2441 ex
490 2395 536 2442 tot
548 2390 651 2443 tabulis
663 2392 757 2458 pictis,
777 2401 860 2455 quam

60 2456 135 2510 nulti
150 2458 228 2508 votis
238 2456 296 2508 rim
305 2452 482 2579 tempestatis
494 2459 646 2528 effugerint
658 2462 685 2510 in
697 2465 862 2526 portumque

58 2525 125 2578 salvi
136 2526 357 2593 pervenerinti“
380 2536 410 2580 ta
421 2531 460 2593 lit,
471 2529 571 2595 inquit.
583 2529 627 2580 llli
641 2530 714 2579 enim
726 2534 861 2598 nusquam

57 2594 123 2660 picti
134 2602 216 2660 suut,
236 2596 288 2664 qui
302 2594 452 2667 naufragia
462 2598 589 2649 fecerunt
599 2600 627 2649 in
640 2596 765 2658 marique
775 2601 863 2654 peria·

57 2671 130 2718 runt.
164 2665 304 2734 idemque,
314 2681 399 2737 quum
411 2666 588 2735 einariganti
598 2671 735 2722 sectores,
745 2657 864 2709 adversa

90 2735 151 2791 cre.
162 2736 274 2791 Oan.
327 2783 330 2787 .
626 2732 652 2781 Κ
