2084 3025
202 131 204 134 -
261 105 341 159 ura.
359 107 397 161 rr.
433 105 518 190 cnr.
536 106 563 162 4.
579 104 630 170 5.,
807 106 842 163 es

41 207 131 261 ideireo
142 224 191 274 ars
203 211 284 261 nulla
294 210 432 264 medicina
442 218 492 263 est.
530 208 615 280 Signa
630 210 843 269 ostendunturs

40 278 95 329 Diis
106 294 198 330 rerum
210 280 377 331 futurarum.
413 281 444 331 ln
454 280 497 331 his
508 282 533 333 si
544 284 592 350 qni
604 288 777 345 erraverunt,
788 298 843 336 nou

42 348 153 400 Deorum
168 356 282 412 natura,
302 349 352 402 sed
372 346 515 402 hominum
532 352 692 405 coniectura
707 352 842 419 peccavit.

41 418 130 486 ltaque
143 420 219 469 inter
235 435 331 471 omues
348 420 472 471 omnium
488 421 615 489 gentium
630 422 770 474 sententia
780 437 843 474 con·

42 493 99 538 stat.
135 489 269 539 Omnibus
286 490 361 540 enlm
376 490 502 542 meatum
517 497 560 543 est
576 499 604 544 et
618 493 648 543 in
660 493 752 545 animo
763 491 844 558 quusi

41 557 212 623 insculptum,
224 575 287 611 esse
297 558 383 611 Deos.
420 559 455 612 V.
474 557 515 613 13.
536 560 641 622 Quales
653 562 718 625 sint,
735 562 841 618 retium

43 634 92 679 est:
118 642 190 690 esse,
211 644 295 680 nemo
315 634 408 695 negat.
445 628 593 683 Cleanthes
613 631 725 700 quidem
747 637 845 683 noster

43 703 165 763 quattuor
176 698 213 749 de
225 699 334 750 caussis
349 699 423 751 dixit
437 700 467 750 in
484 701 585 752 animis
601 700 742 752 hominum
757 699 844 752 infor·

42 773 126 817 metas
135 764 260 820 Deorum
271 785 332 821 esse
348 770 487 823 notiones.
522 769 645 822 Primam
662 772 757 838 posuit
772 786 844 831 eam,

43 836 77 887 de
87 839 230 903 quamdo
246 838 321 902 dixi,
339 854 410 905 quae
425 846 488 893 orta
503 847 578 894 esset
595 856 629 893 ex
646 841 844 909 praesensione

41 920 128 957 rerum
139 906 309 960 futurarum:
332 909 459 972 altemm,
480 926 563 977 quam
574 911 730 978 ceperimus
740 925 776 961 ex
786 924 843 961 ma·

40 976 178 1043 gnitudine
189 979 409 1042 commodorum,
421 980 689 1049 quaepercipiuntur
698 980 770 1032 caeli
776 985 844 1031 tem·

41 1047 190 1114 paratione,
197 1048 371 1101 fecunditate
378 1056 527 1114 terrarum,
538 1052 713 1120 aliarumque
722 1064 843 1102 eommu-

43 1115 158 1167 tlitatum
169 1119 355 1189 complurium
365 1121 458 1187 eopia:
479 1118 522 1174 14.
539 1121 661 1184 tertiam,
676 1137 748 1189 quae
758 1126 844 1172 terre·

40 1186 197 1238 retanimos
211 1188 385 1252 fulminibus,
403 1192 626 1259 tempestatibus,
646 1190 755 1254 nimbis,
776 1189 845 1241 niri-

39 1254 96 1319 bus,
111 1257 304 1323 grandinibus,
318 1260 459 1323 vastitate,
474 1262 643 1327 pestilentia,
658 1265 752 1313 terrae
763 1259 845 1311 moti·

41 1325 95 1389 bus,
115 1333 145 1378 et
161 1344 244 1396 saepe
258 1329 433 1392 fremitibus,
454 1330 629 1400 lapideisque
645 1330 795 1391 imbribus,
814 1333 844 1381 et

39 1396 262 1462 guttisirnbrium
272 1400 350 1467 quasi
364 1400 497 1451 eruentis:
517 1407 577 1452 tum
589 1400 700 1453 labibus
707 1402 728 1462 *,
740 1405 790 1451 aut
800 1413 844 1451 ru·

11 1495 14 1498 -
38 1467 154 1588 gentinis
166 1469 312 1521 'terrarum
332 1467 467 1522 hiatibus:
488 1476 558 1535 tum,
577 1477 842 1539 praetereuntem,

55 1538 383 1609 ominumpooudumque
402 1542 553 1609 portentis:
574 1549 634 1592 tum
651 1539 758 1591 facibus
774 1538 843 1590 risis

39 1607 218 1659 melestibuss
227 1611 393 1671 tum'stellis
403 1612 449 1672 iis,
459 1625 529 1676 quas
540 1609 643 1661 Graeci
654 1614 785 1670 cometas,
796 1621 844 1660 no·

39 1677 88 1727 stri
98 1679 216 1728 crinitas
226 1685 342 1729 vocant:
360 1694 430 1745 quae
435 1693 528 1745 nuper
536 1678 612 1730 bello
623 1677 776 1729 Octaviano
788 1691 844 1728 ma·

41 1759 152 1812 marum
164 1746 279 1798 fuerunt
290 1748 481 1805 calamitatum
492 1748 688 1816 praenuntiae:
708 1753 768 1799 tum
783 1746 843 1800 sois

41 1817 186 1881 geminato,
196 1816 280 1882 quod,
291 1822 349 1868 ute
358 1823 439 1884 patre
450 1820 555 1882 audivi,
567 1817 708 1870 Tuditano
719 1816 843 1884 etAquii·

40 1885 77 1936 lio
88 1887 256 1938 Consulibus
267 1894 411 1939 evenerat:
424 1903 479 1956 quo
490 1889 602 1957 quidem
613 1888 727 1940 annoP.
738 1885 844 1939 Africa·
891 1938 896 1945 ,

41 1970 87 2007 nus
97 1957 141 2007 sol
153 1956 228 2008 alter
238 1957 393 2009 exstinctus
404 1964 456 2010 est.
493 1959 600 2021 Quibus
611 1958 741 2012 exterriti
756 1956 843 2009 bomi-

41 2039 84 2076 ses
99 2027 156 2077 rim
170 2025 319 2093 quamdam
335 2043 396 2081 esse
413 2030 562 2082 caelestem
580 2036 609 2082 et
620 2028 741 2081 divinam
756 2028 844 2097 suspi-

42 2097 187 2150 eeti-sunt.
225 2094 268 2149 15.
287 2096 421 2158 Quartam
437 2115 562 2151 caussam
579 2115 649 2162 esse,
669 2113 785 2166 eamque
799 2097 845 2152 vel

41 2167 197 2231 maximam,
213 2167 441 2234 aequabilitatem
453 2175 554 2234 motus,
564 2169 772 2222 conversionem
783 2182 844 2220 eae·

39 2236 70 2289 li:
90 2236 176 2299 solis,
196 2237 289 2300 lunae,
304 2238 482 2307 siderumque
494 2241 618 2291 omnium
629 2238 844 2299 distinotionem,

37 2307 214 2369 uarietatem,
223 2305 466 2373 pulchritudinem,
476 2310 613 2363 ordinem:
626 2324 741 2377 quarum
752 2321 845 2359 renim

6 2436 7 2445 ἵ
41 2378 187 2443 adspectus
202 2383 265 2445 ipse
274 2379 348 2429 satis
360 2378 511 2443 indicaret,
532 2396 589 2431 non
600 2395 662 2431 esse
672 2395 706 2431 ea
717 2376 845 2428 fortuita.

6 2454 7 2497 l
40 2448 73 2498 Ut
82 2449 107 2498 si
118 2449 184 2516 quis
195 2448 225 2498 in
236 2447 348 2498 dssmnm
365 2448 487 2515 aliquam
499 2455 549 2501 aut
562 2451 590 2501 in
608 2447 784 2519 gymnasium
796 2450 846 2496 aut

6 2526 7 2547 ³
41 2517 170 2571 inferum
180 2518 301 2582 renerit3
323 2533 406 2587 quum
416 2519 511 2572 videat
526 2519 647 2571 omnium
658 2530 751 2569 rerum
761 2514 847 2565 rotin-

6 2788 7 2801 l

6 2870 8 2885 l

6 2900 8 2919 l

41 2603 108 2652 uem,
123 2588 248 2651 modum,
265 2588 451 2655 disciplinam,
468 2605 522 2641 non
532 2586 623 2657 possit
635 2603 669 2639 ea
679 2586 739 2636 sine
751 2594 848 2663 eaussa

44 2658 100 2711 lieri
106 2659 250 2722 iudicare,
270 2658 321 2712 sed
332 2674 394 2711 esse
406 2658 526 2727 aliquem
536 2658 694 2724 intelligat,
713 2666 760 2718 qm
772 2663 848 2715 prau-
