2084 3025
206 133 255 162 ”
322 129 443 188 111111.
481 131 689 192 (mistio.
855 131 909 191 231
1014 165 1019 176 =

93 236 181 294 valde
192 232 306 310 mereri,
321 253 377 291 non
387 237 512 292 desinam
521 244 551 291 te
562 233 606 291 uti
615 244 696 304 teste,
711 234 815 303 uthoc,
833 238 908 309 quod

97 309 309 377 dicmprnb'cm.
345 309 403 372 Me,
423 309 516 378 inquit
532 310 591 371 ille,
608 324 729 378 quonam
745 309 848 363 medei
883 323 909 365 s.

96 379 178 441 Quia
187 379 309 430 animum
320 378 429 431 adverti
444 394 546 447 nuper,
567 394 651 446 quum
662 395 785 432 essemus
800 381 829 431 in
840 379 909 432 For·

95 450 203 511 minuo,
213 455 242 501 tc
252 447 379 501 familiae
388 449 471 501 valde
481 449 658 512 interdicere,
669 456 701 500 ut
712 450 761 500 uni
773 449 848 502 dicto
860 465 909 501 au·

19 557 26 564 .
98 519 273 570 dienscsset.
310 533 338 568 n.
355 518 463 585 Quippe
473 519 580 571 ridicu.
617 534 639 571 e.
658 518 733 581 Quid
745 518 909 585 domiipiu·

95 602 181 641 resne
202 592 335 653 praesunt
349 589 470 655 negotiis
484 588 561 640 tuisi
596 604 623 641 n.
642 588 729 639 lmmo
746 602 812 640 rere
826 604 908 651 unus,

94 658 201 725 inquit.
225 670 249 708 c.
261 656 353 720 ouidi
371 663 461 709 totam
472 658 585 710 domum
597 658 734 725 numquis
746 657 819 709 alter
829 672 908 724 pree·
1013 705 1016 710 ,

93 734 145 780 ter
166 732 194 778 te
213 726 303 794 regist
339 742 367 779 n.
384 727 502 781 Minime
521 742 598 780 vero.
634 742 657 779 e.
676 726 750 790 Quin
770 734 801 779 tu
820 728 909 794 igitur

90 796 229 849 ‘concedis
239 795 314 849 idem
325 795 354 847 in
364 812 395 849 re
406 795 531 863 publica,
554 797 727 864 singurlorum
740 795 909 858 dominatur,

92 866 125 919 si
136 865 219 918 mode
229 865 300 917 iusti
309 866 375 928 sint,
390 882 452 919 esse
462 866 600 934 optimust
636 882 663 918 n.
680 865 811 918 Adducor
821 866 910 934 igitur
977 905 982 916 r

94 942 129 990 et
141 934 342 1003 propemodum
352 936 500 989 assentior.
713 945 715 952 ·

156 1005 217 1057 XL.
236 1005 273 1056 Et
285 1005 393 1071 Scipio:
413 1007 485 1057 Tum
496 1005 586 1074 magis
597 1005 761 1067 assentiare,
773 1004 863 1067 Laeli,
874 1004 908 1068 si,

93 1082 133 1129 ut
144 1076 273 1126 omittam
284 1075 492 1138 similitudines,
501 1077 551 1127 uni
561 1073 814 1144 gubernatori,‘uni
822 1073 907 1126 medi·

97 1160 147 1207 co,
158 1147 185 1196 si
195 1144 270 1211 digni
281 1144 369 1197 modo·
376 1145 433 1197 sint
444 1146 479 1196 iis
490 1147 613 1209 artibus,
625 1146 730 1198 rectius
741 1160 811 1210 esse,
823 1144 908 1196 elteri

94 1230 201 1266 navem
212 1214 396 1278 committere,
416 1230 531 1283 aegrum
541 1217 634 1278 alteri,
646 1231 727 1284 qnam
739 1214 849 1276 multis,
871 1212 917 1276 ad-

94 1284 209 1337 maiora
217 1289 376 1351 pervenero.
404 1300 433 1337 1..
451 1287 595 1349 Quaenam
605 1283 754 1337 istasunti
782 1282 909 1345 equid!

93 1362 131 1407 tn
148 1368 203 1405 nen
216 1353 311 1417 rides,
329 1354 412 1405 unius
426 1356 638 1422 importimitatc
654 1361 683 1407 et
696 1352 827 1420 superbia
837 1354 909 1406 Ter·

93 1423 195 1493 qninii,
217 1439 317 1476 nomen
327 1422 393 1478 huic
402 1426 505 1493 populo
514 1426 544 1476 in
556 1425 652 1476 odinrn
661 1424 771 1477 venisse
781 1421 908 1490 regium}

94 1509 127 1547 n.
140 1491 231 1546 Video
247 1508 326 1557 vero,
347 1496 447 1561 inquit.
484 1510 508 1548 s.
524 1496 600 1563 Ergo
622 1495 708 1547 etiem
729 1492 800 1545 illud
816 1492 907 1556 vides,

95 1578 157 1632 quo
166 1564 364 1632 progrediente
376 1565 504 1617 oratione
514 1566 681 1617 venturum*
691 1580 735 1615 me
745 1570 826 1629 puto,
837 1565 907 1614 'sar-

93 1634 196 1702 quinio
217 1640 334 1696 exacto,
365 1635 436 1687 mira
455 1635 575 1701 quadem
597 1633 752 1687 exsultasse
772 1633 906 1700 populum

90 1703 250 1763 insolentia
258 1703 412 1756 libertatus
422 1711 482 1756 tum
493 1704 589 1757 exacti
597 1704 626 1755 in
637 1703 766 1755 exsilium
778 1703 907 1753 innocen·

93 1782 156 1835 tes,
169 1781 229 1825 tum
240 1773 315 1824 bona
325 1773 595 1841 direptamulturum
618 1779 696 1836 „tum
708 1772 792 1823 annui
803 1773 907 1823 Consu·
974 1822 979 1829 ,

92 1845 168 1909 „ies
188 1849 249 1895 tum
259 1842 373 1894 demissi
383 1842 486 1909 popule
497 1844 607 1895 fasces“
622 1849 682 1894 tum
692 1841 906 1909 provocationes

93 1913 223 1967 omnium
232 1926 334 1974 rerum,
345 1916 407 1963 turn
418 1914 540 1966 secessio
551 1913 651 1981 plebis,
669 1919 728 1965 tum
740 1927 853 1979 prorsus
864 1909 907 1962 ita

92 1988 163 2037 acta
174 1981 322 2047 pleraque,
331 1987 366 2033 ut
381 1982 412 2034 ia
427 1983 532 2050 populo
547 1990 640 2037 essem
661 1983 763 2036 omnia
800 1998 828 2035 n.
845 1982 908 2043 Est,

91 2051 198 2118 inquit,
209 2057 242 2102 ut
253 2051 333 2104 dicis.
369 2052 511 2115 Estvere,
531 2053 622 2121 inquit
632 2052 735 2121 Scipio,
757 2054 786 2104 in
797 2068 866 2119 pace
877 2056 907 2102 et

93 2122 172 2175 otio:
182 2121 331 2173 licetenim
342 2122 480 2184 lascivire,
491 2122 557 2175 dum
567 2123 637 2176 nihil
646 2129 763 2185 metuas,
775 2128 808 2172 ut
819 2122 849 2172 in
859 2135 907 2172 na·

91 2192 124 2244 vi
136 2204 170 2240 ee
179 2205 262 2258 saepe
272 2192 359 2245 ctiam
369 2191 399 2242 iu
409 2192 508 2243 morbo
518 2192 583 2245 levi,
606 2192 679 2257 „Sed
688 2200 720 2244 ut
731 2193 789 2254 ille,
800 2191 846 2257 qui
858 2204 906 2255 na·
982 2218 989 2223 -

91 2259 204 2327 „viget
216 2276 298 2328 quum
309 2261 404 2313 subito
416 2276 493 2312 mare
505 2263 599 2329 coepit
608 2260 799 2322 horrescere,“
815 2265 845 2311 ct
854 2257 906 2310 illc

93 2338 196 2397 aeger,
216 2330 427 2407 ingravescente
437 2331 550 2394 morbo,
569 2332 651 2397 unius
663 2345 744 2396 opem
759 2327 906 2394 impiorat3

92 2401 142 2454 sic
155 2407 251 2452 nester
267 2401 388 2469 populus
402 2401 433 2452 in
450 2416 518 2468 pace
530 2407 559 2452 et
568 2400 645 2451 domi
659 2400 778 2465 imperat
790 2404 819 2448 et
833 2396 903 2463 ipsis

94 2470 312 2537 magistratibus
323 2472 454 2533 minetur,
469 2476 590 2531 recusat,
606 2469 740 2536 appellet,
754 2470 904 2534 provocat3

92 2539 219 2594 inbelle
234 2541 379 2609 sieperet,
398 2547 431 2594 ut
447 2540 532 2607 Regi:
556 2539 632 2591 valet
653 2539 726 2590 enim
742 2537 818 2587 salus
831 2535 904 2602 plus,

94 2623 181 2677 quam
192 2609 288 2663 libido.
317 2611 500 2664 Gravioribus
511 2609 672 2663 cerebellis
683 2607 766 2660 etiam
777 2607 837 2659 sinc
848 2604 904 2656 col·

92 2680 164 2748 toga
174 2692 255 2733 omne
268 2681 419 2763 imperinm
430 2681 522 2737 nostri
537 2695 623 2752 penes
638 2678 765 2749 sinffldcs
781 2688 904 2730 essero-
