2084 3025
186 123 252 180 422·
410 94 650 186 uuiuuuln
669 120 799 178 mun
891 82 903 102 ‘⁴

187 229 310 282 trabitur
320 224 478 296 praesidio?
487 226 609 279 Virtutis
620 235 648 279 et
659 227 783 294 gloriani
792 229 830 279 At
837 238 930 279 eanos
940 227 998 294 ipss

184 299 242 351 boc
263 305 389 365 tempore
406 303 583 366 ‘irppngnaut
618 298 803 350 Multitudine
825 295 998 348 amicorum!

186 371 362 435 aperuerunt
378 384 434 420 nou
453 369 542 420 fortes
555 383 662 425 essese
680 369 800 430 anticos,
821 367 890 418 siin
902 379 997 417 eorum

186 444 330 505 potestate
341 444 439 490 nestro
448 439 505 490 sita
513 437 591 489 salus
602 444 721 490 nonest
745 437 898 489 Paueitate
908 434 997 486 inimi·

187 507 302 559 corum!
316 509 353 560 At
362 508 392 558 id
401 522 459 559 uon
468 508 499 558 in
507 507 606 575 ipsius,
616 508 666 561 sed
677 508 707 558 in
719 507 841 559 aliorum
850 505 997 558 voluntate

185 577 312 644 positum
323 583 374 630 est.
409 577 482 629 biam
493 577 628 629 nonsatis
641 583 692 640 est,
709 594 744 630 ne
756 577 803 629 eui
811 575 952 627 iniuriam
960 572 997 625 ia·

186 647 254 710 cias,
267 647 423 714 providere,
444 647 469 698 si
479 647 811 699 tamensuntroluntnrii
821 644 943 705 inimici,
953 643 996 710 (μ’

183 717 244 768 tuis
262 717 394 783 praemiis
411 723 441 769 te
456 723 626 786 oppugnent.
663 714 705 770 13.
725 720 814 784 Atque
831 730 922 783 quum
931 712 997 766 hacc

185 786 484 838 untninomnibussint
493 790 597 854 gravia
615 794 698 855 atque
716 787 833 849 acerba,
853 792 919 837 tum
928 798 996 840 reru

183 856 268 907 nobis
278 856 382 909 misera
392 863 475 924 atque
485 857 674 920 intoleranda,
696 872 813 924 quorum
825 862 855 908 et
865 854 996 907 officisis

183 925 385 992 rempublicam
395 927 599 989 recentissima,
609 934 640 979 et
647 927 828 979 incommoda
839 924 876 976 ob
888 939 995 992 rempu·

183 993 288 1047 blicam
300 994 569 1062 frequentissimis
580 996 688 1048 familia
696 1003 853 1049 versantur.
881 991 995 1047 Numeri

185 1063 283 1116 cadem
293 1065 417 1117 conditio
429 1065 642 1134 disceptationis
654 1072 838 1133 proponetur,
855 1064 941 1132 aequi
949 1078 993 1114 au·

185 1131 295 1185 ditores
306 1132 523 1198 adhibebuntur,
534 1152 618 1187 aures
629 1152 684 1186 non
695 1138 814 1187 obtusae
823 1133 994 1185 criminatio·

183 1220 228 1265 ne,
240 1203 291 1254 sed
300 1219 403 1256 vacuae
413 1206 633 1271 praebebuntur:
655 1205 703 1271 qui
712 1210 779 1255 sunt
788 1204 914 1256 assecuti
925 1217 994 1254 sun·

185 1288 261 1323 mum
281 1272 396 1340 madum
416 1273 547 1337 honoris',
568 1274 863 1342 nondispoliabuntnr
876 1271 993 1324 boemo:

186 1343 233 1408 qui
245 1347 365 1409 eperunt,
384 1342 499 1395 facilius
519 1351 549 1396 et
560 1344 711 1410 proclivius
723 1344 760 1396 ad
769 1343 885 1396 laudem
895 1341 993 1394 nobili·

184 1411 252 1463 tatis
264 1413 434 1479 pervenient.
471 1415 657 1478 Quamobrem
677 1414 743 1466 nolo
754 1430 798 1466 me
811 1413 885 1465 duee
896 1410 995 1479 suppli·

185 1482 222 1534 cii
234 1497 284 1533 rus
296 1482 331 1534 nd
342 1481 471 1537 fraudem
482 1483 600 1547 deduci,
620 1490 653 1535 ut
667 1499 720 1553 ego
732 1483 768 1537 ad
779 1483 934 1551 pristinum
943 1488 995 1534 sta·

184 1562 244 1604 tum
255 1552 379 1604 recidam
391 1570 480 1606 ensur.
516 1554 596 1606 Nunc
606 1554 703 1622 igitur,
725 1556 750 1606 si
768 1554 867 1621 lingua
877 1561 924 1606 est
935 1568 995 1605 eon·

185 1622 358 1694 certandum,
379 1623 556 1676 innocentiae
566 1624 673 1684 virtute
684 1624 773 1677 irenis
783 1639 902 1691 supero:
923 1624 949 1675 ri
957 1623 997 1674 it·

184 1699 232 1743 eta
250 1692 455 1760 compensanda
473 1700 552 1756 sunt,
572 1694 748 1747 conferamus
763 1696 951 1762 aequitatem:
971 1690 995 1742 α’

184 1761 336 1813 violentiae
350 1763 457 1829 impetu
468 1763 664 1830 opprimimur,
685 1764 782 1816 cedam
801 1778 853 1830 pro
866 1764 994 1814 ommbut

107 1862 119 1870 -
184 1830 347 1884 Tribunicio
358 1832 594 1899 furoriquonism
606 1834 731 1885 laborem
744 1847 793 1900 pro
801 1833 912 1883 entrefis
922 1831 994 1883 iem

184 1901 324 1953 oensueui.
363 1900 408 1953 Vl.
421 1899 461 1953 14„
480 1899 512 1953 Si
521 1900 609 1968 igitur
619 1902 713 1969 aliquo
725 1908 850 1968 tempore
859 1901 897 1952 iis
908 1900 995 1953 homi·

182 1968 265 2022 nibus
277 1969 464 2032 consuluistis,
473 1985 593 2038 quorum
605 1972 712 2023 animus
723 1978 766 2023 est
775 1969 928 2038 religionis
940 1971 994 2038 pie·

182 2044 243 2092 tate
255 2038 420 2093 defimctus't
437 2039 546 2094 debetis
558 2039 627 2092 mihi
641 2056 751 2109 qunque
762 2041 937 2107 prospicere,
949 2038 995 2107 qui

182 2110 289 2162 numini
298 2109 423 2161 Deorum
433 2115 625 2163 consecratum
636 2116 859 2182 sartum‘tectum
870 2110 908 2161 ab
919 2108 995 2162 omui

182 2180 298 2247 piaculo
309 2179 486 2242 conservavi,
508 2186 538 2231 et
547 2194 596 2231 ros
611 2186 644 2230 ut
653 2186 744 2231 tutam
755 2179 995 2246 tranquillamque

182 2245 500 2311 fortunam‘truheretis,
520 2264 584 2300 mea
596 2247 705 2316 perfeci
717 2249 882 2316 uigilantia.
921 2248 995 2300 Nan

182 2333 242 2380 me,
263 2323 344 2385 quem
355 2317 450 2385 paullo
463 2324 528 2371 ante
539 2317 653 2370 fortuna
662 2327 791 2372 erexerat
802 2318 838 2371 ad
857 2318 993 2387 gloriam,

182 2387 275 2438 virtus
286 2387 388 2439 extulit
398 2386 434 2439 ad
444 2387 571 2451 laudem,
592 2389 713 2455 populus
728 2389 827 2441 tribuit
841 2387 994 2441 bonorem:
1029 2415 1030 2420 =

182 2455 312 2507 cumdem
319 2457 438 2507 Tribuni
450 2457 530 2508 furor
541 2458 699 2525 exagitatus
710 2456 818 2526 depulit
829 2458 868 2511 nd
878 2458 996 2511 cahani-

181 2529 280 2576 tatem.
308 2526 346 2575 Et
357 2527 488 2591 «pauidam
500 2527 838 2594 animadvertistis,illam
850 2529 996 2596 conspira-

180 2590 285 2646 tionem
295 2593 443 2647 conflatam
453 2596 498 2648 fta
512 2612 574 2648 esse
585 2599 765 2659 restinctum,
785 2604 816 2646 nt
833 2598 996 2653 nullastin·
1029 2657 1030 2664 χ

180 2656 245 2710 tilia
256 2670 416 2732 compareat
425 2665 558 2730 incendii,
566 2680 618 2719 ros
628 2681 738 2738 quoque
748 2661 997 2723 Tribuniclamtt·
1029 2687 1030 2694 ¹
