2084 3025
299 120 623 177 o-oNsoanrra
811 112 877 177 sor

48 227 147 295 magis
159 226 359 280 consuetudine
370 227 510 279 vincetur:
534 227 613 278 euius
628 233 724 280 tantae
738 233 805 279 sunt
822 228 864 281 vi·
900 270 901 275 κ

45 307 114 359 res,
136 302 167 348 ut
179 306 236 348 uon
246 296 330 349 morlo
342 294 570 362 perturbationes
581 296 667 348 animi
679 291 793 359 sedare,
810 296 863 350 sect

50 367 144 419 etiam
157 362 337 420 naturaerim
348 365 457 429 afferre,
470 381 586 432 eamque
597 366 758 433 saepissime
768 367 867 417 immu-

50 444 128 500 tare,
144 450 178 487 se
187 436 297 503 penitus
308 436 392 487 uliam
406 436 496 503 possit
507 436 625 488 efficere.
661 432 747 486 Cuius
759 434 865 487 arruiliu

51 519 114 558 nrm
126 505 207 556 modo
220 500 330 558 doloris
337 498 436 567 aculei,
448 500 498 557 secl
508 506 595 556 etism
606 505 736 556 fortunae
747 498 866 557 luimiua
952 558 956 570 ,

48 567 163 642 depelli
175 590 208 627 ae
223 575 362 627 contemni
373 567 458 626 facile
468 581 608 641 poterunt.
631 570 805 625 Meditemur
813 570 866 641 igi·

50 652 112 707 tur,
124 650 153 696 et
162 645 275 697 omnino
287 638 451 707 statuanius,
460 642 529 695 nihil
537 646 652 712 prorsus
664 636 814 711 humanum
824 658 866 694 es·

50 730 91 768 se·
99 712 264 767 dolendumx
286 724 340 766 non
352 720 480 775 mortem,
495 729 578 781 quam
589 706 645 765 iam
658 713 792 779 optimam
803 727 865 764 essu

52 785 255 855 cognovimus:
277 784 590 853 non-egestatempquae
600 782 765 850 saepissime
777 782 866 849 maxi·

52 857 98 907 rui
108 850 174 906 boni
187 862 286 907 caussa
302 854 393 906 aDiis
409 853 619 905 inimortalilrus
636 845 787 903 tribuaturr'
810 862 866 902 aun

52 920 196 987 exsiliunt,
208 938 289 993 quum
303 922 377 976 oriris
388 926 528 976 terrarum
540 918 666 976 omnibus
678 926 791 989 pateat:
810 934 865 971 noa

52 1001 154 1048 cetera
166 993 279 1062 generis
289 987 425 1057 eiusdem,
447 1004 517 1061 quae
528 994 602 1061 vulgi
616 990 746 1060 opinione
759 990 865 1059 gravis·

51 1057 136 1118 simis
149 1064 178 1115 ia
187 1059 270 1116 maiia
281 1071 469 1116 numerantur.
498 1060 697 1116 Nullum'enim
709 1070 767 1116 tam
778 1076 864 1130 grave

51 1134 161 1189 malum
172 1135 330 1203 apparebit,
349 1135 415 1201 quin
430 1149 466 1186 ex
477 1150 510 1187 eo
521 1134 626 1186 bonum
642 1133 756 1201 aliquod
774 1131 863 1183 multo
904 1138 907 1147 '‘

51 1205 148 1259 maius
159 1205 302 1270 multoque
313 1204 465 1270 optabilius
477 1220 578 1272 magno
589 1203 714 1256 Deorum
725 1201 863 1255 beneficio

54 1274 210 1340 aliquando
225 1274 384 1341 colligatur.
420 1273 501 1326 Pleni
520 1282 585 1326 sunt
601 1270 667 1325 libri
682 1269 864 1342 philosopho·

53 1355 133 1412 ruas:
148 1343 269 1396 refertae
280 1346 452 1412 argumentis
464 1360 496 1395 ae
507 1345 663 1397 rationibus
675 1344 792 1411 paginae
804 1338 864 1395 iere

55 1422 169 1466 omnes:
181 1416 261 1467 tanta
272 1421 364 1466 autem
376 1410 567 1479 exemplorum
577 1413 670 1483 eopia,
681 1421 712 1465 ut
724 1411 792 1463 nihil
802 1426 874 1478 pos-v

53 1479 98 1537 sit
110 1495 170 1535 esse
181 1482 357 1536 cumulatius.
387 1480 464 1545 Quae
476 1499 558 1550 quum
569 1483 611 1537 ita
622 1484 688 1547 sint,
702 1498 757 1550 qua
766 1482 822 1533 iam
832 1494 864 1534 rs

51 1562 222 1617 terreamur,
238 1561 286 1605 aut
298 1552 344 1604 eui
354 1551 447 1605 dolori
458 1551 604 1605 redamari
632 1554 708 1606 Dion
721 1559 805 1614 certe,
816 1549 865 1618 qui

53 1640 72 1677 e
87 1619 210 1675 Platonis
221 1616 317 1682 scitula
328 1617 455 1685 defluxit,
473 1639 558 1690 quum
568 1618 626 1675 eius
639 1621 711 1674 lilius
720 1622 747 1672 ia
760 1621 863 1674 atrium

52 1710 71 1747 e
84 1695 160 1744 teoto
172 1691 302 1761 delapsus
312 1688 463 1755 interisset,
474 1709 530 1743 non
542 1692 625 1745 modo
633 1708 687 1745 non
701 1691 800 1754 doluit,
812 1689 862 1743 sed

52 1762 143 1816 etiarn
152 1763 181 1813 in
193 1778 236 1824 eo,
251 1762 326 1830 quod
335 1769 395 1813 tum
407 1760 481 1813 forte
490 1763 608 1829 agebat,
629 1768 789 1814 constanter
800 1775 862 1827 per·
928 1771 935 1780 ⁶

50 1831 139 1885 stitit.
158 1828 219 1896 Quo
234 1831 311 1883 iacto
322 1831 458 1882 iudicarit
469 1837 497 1883 et
508 1829 551 1882 vir
561 1832 682 1898 sapiens,
693 1838 722 1882 et
732 1826 861 1882 Platonis

51 1897 221 1969 discipulus,
229 1896 297 1969 quid
308 1907 428 1962 tuorna·
439 1896 486 1968 qui
497 1896 636 1967 sapientes
647 1895 745 1953 haberi
754 1896 861 1961 volunt,

49 1972 149 2024 facere
171 1974 309 2037 oporteat.
346 1969 381 2023 At
396 1963 573 2037 Traheaspus
590 1968 679 2021 multo
695 1968 814 2023 fortius:
835 1968 862 2022 si

49 2040 167 2109 quidem
180 2037 232 2092 lilii
242 2041 397 2101 morientis,
413 2055 497 2108 quum
507 2039 582 2092 ierro
593 2041 780 2108 traiiceretur,
800 2038 861 2090 sine

50 2111 115 2162 ullo
127 2120 241 2177 prorsus
253 2104 350 2162 dolore
366 2116 508 2176 spectator
522 2110 585 2162 fuit.
622 2109 774 2177 Cambyses
786 2108 860 2161 enim

49 2184 146 2234 iratus
162 2185 190 2232 et
206 2180 301 2232 ebrius
313 2196 396 2246 quum
417 2180 478 2232 eius
499 2177 589 2232 filiurn
611 2180 725 2248 sagittis
745 2184 862 2246 peteret,

50 2252 167 2316 iamque
179 2252 277 2316 pectus
286 2251 423 2302 reclusum
436 2257 592 2318 appareret,
610 2256 716 2319 patrem
726 2248 810 2302 iussit
820 2248 861 2298 ia·
909 2283 911 2292 ‚

52 2320 180 2387 spicere,
198 2330 264 2371 aum
276 2336 325 2372 eur
336 2322 493 2388 percussum
507 2327 590 2378 esset.
626 2317 770 2392 Cuiquam
781 2324 861 2386 pater

51 2386 256 2455 respondisset,
276 2385 332 2442 iam
345 2390 423 2442 cordi
434 2389 568 2457 sagittam
581 2406 641 2442 esse
653 2390 778 2443 irriixam:
801 2393 862 2439 tum

53 2459 219 2527 Cambyses,
230 2459 365 2527 numquid
376 2465 488 2521 neriam,
509 2461 609 2526 inquit,
631 2454 863 2511 habeomanumi
941 2501 943 2505 .

51 2533 92 2590 At
103 2536 193 2595 pater,
204 2531 283 2581 nullo
296 2531 402 2582 doloris
413 2532 493 2599 signo
505 2527 592 2589 dato,
610 2542 660 2580 uec
670 2543 786 2594 usquam
799 2543 863 2579 erin·

50 2615 140 2651 versa
151 2607 199 2650 aut
210 2608 348 2652 coarmata
359 2601 442 2654 faeie:
464 2617 498 2651 ne
511 2594 667 2666 Apollinem
680 2599 805 2665 quidem,
823 2597 863 2647 iu·
925 2651 929 2656 K

54 2669 127 2738 quit,
136 2670 272 2740 tortiores
283 2673 402 2741 sagittus
414 2667 579 2724 emissurum
590 2667 765 2722 crediderim.
788 2664 861 2728 Quid
