2084 3025
40 206 211 272 ANTEQU.
226 205 388 262 ruer-ln
405 204 541 272 uxsll,
552 207 636 262 cnl‘.
649 204 745 263 1.2.3.
766 208 821 266 tto

31 315 93 365 Toros
102 304 184 364 vestri
195 327 244 364 eoa
253 313 449 379 Imperatores,
469 312 517 379 qui
528 310 649 365 militum
658 314 763 366 virtute
772 313 820 369 ho·

31 384 102 433 itiam
114 380 254 449 fregerunt
264 383 398 444 furorem,
419 381 621 434 iucundissimo
632 384 725 435 fructu
737 385 821 436 libor·
900 378 902 385 ’

31 452 85 503 :atis
95 452 278 515 reconciliato,
285 467 340 504 non
351 451 443 503 solum
454 453 558 503 atatuia
570 453 670 519 dignos
677 458 823 520 putarunt,

31 522 68 573 red
85 521 163 573 etiam
179 528 294 573 aeterna
312 521 447 590 triumphi
462 521 546 573 laude
560 523 740 574 decorarunt:
761 530 821 573 tum

31 606 69 643 os
80 604 136 642 eum
149 592 309 652 Consulem,
330 593 376 659 qui
392 609 447 643 non
459 592 580 643 militum
592 593 732 659 praesenti
741 592 822 645 forti·

31 660 122 724 odino,
133 660 179 711 sed
189 676 241 712 sua
251 660 360 713 eximia
365 662 450 713 animi
457 662 564 713 virtute
574 660 744 714 hostilem
719 679 761 714 ιιι
764 663 822 712 inm

31 734 135 781 nentem
147 729 264 782 Senatus
279 732 450 783 auctoritate
467 731 636 795 vindicarit,
659 733 821 784 existimate

31 793 98 851 obir
115 800 311 852 retinendum
304 800 541 853 incivitateease.
577 802 611 853 ιι.
633 801 659 854 4.
681 801 726 865 Si,
748 817 820 870 quaa

31 869 150 920 renedeiu
160 869 278 936 singulis
290 870 398 921 civibus
409 871 596 939 privatimque
610 871 720 933 dantur,
733 887 767 923 ea
778 888 823 922 so·

31 939 95 991 ent
88 939 122 989 ris
133 954 192 991 eoae
204 938 361 1002 fructuosa,
380 940 508 1007 aquibus
520 947 585 991 ιιιιιι
595 940 737 1008 profecta·
758 942 822 992 iure

34 1016 47 1059 t
58 1008 155 1060 mento
172 1023 286 1075 porrum
305 1025 357 1076 ego
375 1024 426 1060 ros
437 1009 473 1060 ad
484 1008 676 1062 defensionem
688 1026 767 1063 meae
777 1027 821 1062 aa·

31 1077 84 1128 utin
96 1076 246 1140 adhortari,
258 1093 328 1146 quos
339 1078 502 1131 conservari
513 1080 668 1131 universos
689 1080 763 1132 Nam
775 1097 821 1132 ne-

33 1162 70 1200 ue
79 1147 165 1200 malua
177 1155 228 1210 est,
239 1147 389 1201 defendere
400 1164 484 1199 unum
492 1165 593 1217 ,quam
608 1150 752 1218 populum:
775 1167 822 1201 ne-

32 1232 68 1269 ue
78 1218 177 1279 verius,
189 1232 207 1268 a
217 1218 349 1284 singulis,
362 1234 445 1287 qnam
457 1220 491 1272 ab
503 1220 630 1271 omnihus
642 1227 768 1287 repetere
779 1217 822 1270 of
900 1256 904 1263 ι

31 1287 72 1338 cii
84 1287 235 1354 praemium
255 1296 283 1338 et
293 1287 427 1340 fructum·
443 1296 600 1357 propterea
612 1290 705 1358 quod
696 1307 726 1341 ιιι
735 1288 820 1341 nnius

32 1357 137 1408 erieulo
148 1372 230 1423 saepe
242 1359 383 1410 eontentio
394 1373 483 1425 parra
493 1365 545 1420 est,
566 1366 597 1410 ut
607 1360 676 1412 levio
688 1362 726 1411 ait
738 1360 825 1411 labor

33 1427 154 1479 olonsori
171 1426 362 1480 sustinendus.
384 1427 413 1481 ίιι
432 1429 607 1495 reipublicae
618 1430 741 1492 manino,
744 1443 820 1512 quo

31 1496 121 1549 rmiuo
131 1503 173 1549 est
184 1497 257 1565 quod
270 1503 458 1566 oppugnatur,
479 1514 513 1551 eo
526 1501 681 1566 paratiores
692 1493 775 1553 sunt
767 1499 821 1552 mi
830 1500 833 1503 ’

31 1568 87 1629 rici,
97 1568 156 1617 nt''
139 1583 171 1618 na
181 1568 241 1619 sine
252 1583 353 1651 magna
364 1568 564 1632 sollieitudine,
577 1570 722 1634 industria,
731 1571 819 1621 virtu·
867 1584 869 1587 ·

31 1651 111 1690 enon
124 1644 207 1705 queat
225 1638 329 1690 resisti
366 1638 392 1690 n.
412 1638 632 1706 Etaingulorum
651 1655 718 1707 opes
729 1653 820 1707 saepe

31 1713 78 1757 ιιιι
88 1712 199 1769 tenues,
219 1713 248 1758 et
260 1708 385 1759 infirmae
397 1707 433 1760 ad
443 1710 563 1776 gratiam
575 1710 766 1780 referendam,
788 1715 820 1760 ut

30 1775 147 1843 pitulari
156 1778 226 1828 bene
237 1779 407 1830 merentibus
419 1793 473 1829 non
477 1784 596 1852 queant,
608 1779 633 1828 ιι
643 1778 763 1832 maxime
774 1777 819 1829 eli·

31 1848 102 1898 iant:
125 1847 317 1898 universorum
336 1841 482 1898 auxilium
490 1847 682 1913 eoplurimum
694 1847 819 1914 prodeat,

31 1915 86 1967 uod
99 1915 271 1967 firmioribus
282 1917 381 1983 opibus
392 1923 435 1968 eat
447 1916 551 1967 ninum.
571 1917 633 1968 lure
644 1918 740 1986 igitur,
752 1932 819 1985 qno-

31 1988 83 2037 iam
102 1992 132 2037 et
151 1985 378 2052 maiorimponaa
392 1985 422 2035 ln
433 1987 553 2052 patriam
567 1985 654 2037 officii
671 1986 749 2039 facta
765 1995 818 2047 eat,

31 2070 88 2107 ram
92 2053 819 2124 rnprrratalitdefensione,otp1uaavobrspraeudn

31 2139 88 2175 ram
101 2140 119 2175 a
129 2125 233 2177 cetaria
244 2125 306 2191 opis
318 2126 352 2176 ad
364 2124 583 2192 salutempoteat
593 2126 703 2179 afferria
715 2127 819 2177 roaob·

33 2200 112 2257 stor,
134 2210 205 2261 quos
224 2192 292 2244 milri
304 2200 333 2246 et
343 2193 445 2247 debere
457 2200 486 2247 et
496 2211 579 2263 posse
588 2196 718 2262 intelligo
729 2196 819 2263 opitu·

31 2264 66 2315 ri.
104 2262 132 2315 6.
153 2264 217 2315 Non
237 2262 366 2317 convenit
379 2266 467 2327 enim,
491 2281 575 2333 quum
592 2280 644 2333 ego
661 2266 697 2316 ad
711 2281 819 2332 prome·

33 2332 123 2384 ndum
134 2333 257 2385 officinm
267 2341 325 2386 tam
337 2332 437 2385 fuerim
449 2336 611 2402 expeditus,
630 2350 681 2386 ros
699 2336 736 2387 ad
747 2334 819 2389 reie-

33 2403 124 2454 ndam
130 2404 259 2471 gratiam
270 2419 330 2456 oeae
342 2404 490 2457 tardrorer
511 2421 555 2470 ne,
567 2420 646 2457 cunm
657 2406 820 2489 amplitudr
901 2405 903 2409 ’

31 2489 64 2526 m
83 2488 120 2524 ae
136 2474 258 2555 gloriam
275 2473 358 2526 laude
374 2481 458 2542 atque
476 2474 631 2527 honoribus
645 2471 817 2542 amplificare

31 2543 147 2606 beatio,
161 2544 220 2595 eiua
233 2544 453 2597 incolumitatem
465 2552 494 2598 et
504 2546 624 2598 salutern
635 2544 817 2599 deserendam
882 2583 889 2600 .
915 2603 922 2624 s

34 2612 190 2665 istimetis.
217 2614 264 2666 ιιι.
274 2615 386 2667 Etenim
397 2622 481 2679 errat,
492 2617 516 2667 si
528 2615 591 2684 quia
602 2616 788 2688 arbitratur,
776 2617 839 2668 Μ
859 2617 872 2644 ⁸

33 2682 134 2734 illium
158 2683 288 2735 idcireo'
280 2701 308 2736 ιιι
308 2686 423 2756 cupitis
440 2687 595 2753 periculum
610 2688 722 2749 vocari,
742 2671 837 2755 quod

32 2752 158 2862 liquerit
169 2754 293 2823 aliquid,
308 2745 390 2825 qnod
401 2757 520 2826 patriam
532 2758 661 2822 laeserit,
680 2758 774 2826 quod'
766 2773 816 2817 rm·
