2084 3025
127 156 131 165 ¹
178 168 235 225 un
252 128 446 226 rrrrcrrm
465 168 611 253 eren.
626 169 669 228 12
789 171 825 227 so

21 273 55 326 l).
80 270 217 325 Vrdemus
233 273 337 342 Papum
354 275 499 328 Aemilium
518 276 549 328 C.
564 274 684 328 Luscino
705 274 826 328 larrrilia·

21 359 76 396 *em
90 342 188 404 fuisse,
200 344 258 402 (sic
269 359 286 394 a
297 345 423 411 patribus
435 345 619 412 accepimus‚)
637 346 681 396 bis
690 360 745 397 una
756 342 827 397 Con·

21 414 105 474 rules,
124 418 154 463 et
165 411 290 480 collegas
300 414 328 464 in
340 414 475 467 Censura:
497 423 556 466 tum
568 421 668 469 etcum
679 415 727 476 iis,
747 420 776 467 et
787 414 826 465 ia·

21 498 61 534 er
81 478 128 543 se,
147 481 390 534 coniunctissimos
400 481 487 536 luisse
498 484 542 535 Μ’
553 484 665 535 Curium
680 489 709 535 et
719 483 763 535 Ti.
774 484 826 534 Co·

21 552 195 613 *uncanium
209 552 362 605 memoriae
372 553 514 619 proditum
524 558 576 605 est.
594 553 684 621 Igitur
693 567 727 604 ne
738 552 827 618 suspi-

21 620 77 672 rari
89 619 203 686 quidem
215 636 377 687 pessumus,
397 637 562 690 quemquam
577 619 673 683 horum
690 621 725 673 ab
735 620 826 673 amico

21 690 166 757 puippiam
178 691 362 754 contendisse,
368 691 440 758 quod
451 698 551 744 contra
561 691 653 752 fidem,
664 698 763 742 eontra
772 690 829 741 ius·

25 758 179 821 arandum,
192 766 290 812 contra
301 761 501 828 rempublicam
512 766 595 812 esset.
622 758 693 810 Nam
707 757 759 809 ime
769 757 829 825 qui·

21 828 82 881 lem
97 826 127 880 iu
140 829 244 881 talibus
259 830 327 881 viris
349 829 415 897 quid
432 830 537 882 attinet
552 829 656 881 dicere:
679 828 702 880 si
718 836 829 878 conten·

21 897 113 959 besec,
132 898 348 965 impetraturum
357 914 412 950 non
424 898 529 963 lunser
540 912 623 966 quum
633 898 676 949 illi
687 894 828 949 sanctissi-

21 970 53 1018 ni
65 967 122 1018 viri
133 965 247 1033 fuerint,
266 984 354 1037 aeque
364 975 456 1022 autem
467 968 547 1021 nefas
557 968 604 1030 sit,
615 967 673 1020 tale
683 964 789 1033 aliquid
799 968 829 1016 et

21 1039 112 1090 'acere
129 1044 275 1104 rogatum,
296 1046 325 1090 et
340 1038 459 1105 rogaret
478 1040 513 1089 At
529 1052 596 1091 rere
613 1036 657 1089 Ti.
670 1033 828 1088 Gracchum

21 1106 208 1174 sequebantur
219 1108 248 1161 C.
255 1108 355 1171 Carbo,
366 1110 396 1160 C.
403 1108 481 1171 Cato,
491 1115 520 1160 et
526 1106 639 1160 minime
650 1115 707 1158 tum
715 1103 828 1174 quidem

21 1177 101 1228 laius
111 1176 216 1239 frater,
236 1177 397 1230 nereidem
409 1178 569 1230 acerrimus.
604 1176 666 1237 ΧΠ.
684 1176 728 1228 40.
746 1174 828 1226 llaec

21 1245 167 1313 *gitur'lex
175 1246 204 1298 in
215 1247 339 1299 amicitia
349 1246 499 1310 sanciatur,
504 1254 536 1299 ut
547 1262 636 1315 neque
645 1256 828 1312 rogemusres

21 1326 124 1384 turpes,
137 1331 189 1367 nec
198 1315 332 1368 faciamus
343 1318 446 1438 rogati.
483 1318 586 1384 Turpis
597 1316 670 1370 eninr
682 1311 828 1366 excusatio

21 1392 59 1437 est
75 1391 106 1437 ct
121 1385 237 1437 minime
248 1386 374 1452 accipies
396 1400 425 1448 a,
446 1401 529 1454 quum
543 1389 573 1439 in
583 1384 684 1439 ceteris
695 1381 829 1450 pcccatis,

21 1460 75 1505 tum
93 1454 120 1505 si
137 1455 198 1522 quis
213 1462 311 1508 contra
324 1455 525 1528 rempublicam
541 1471 571 1508 se
582 1453 666 1506 aurici
678 1466 778 1505 caussa
787 1448 829 1502 fo·

22 1525 90 1577 :isse
100 1523 235 1578 fateatur.
271 1526 384 1579 Etenim
397 1541 430 1578 eo
442 1526 523 1590 loeo,
543 1524 634 1578 Fanni
645 1530 673 1576 et
682 1520 830 1584 Scaevola,

22 1594 107 1647 locati
119 1609 224 1658 sumus,
240 1603 271 1646 ut
282 1612 332 1648 nos
343 1595 427 1664 longe
438 1595 599 1664 prospicere
612 1598 744 1660 oporteat
755 1589 830 1642 mtu-

22 1679 63 1714 ὀε
73 1678 161 1715 casus
171 1664 349 1731 reipublicae.
384 1664 507 1719 Deflexit
518 1665 592 1718 onim
604 1663 661 1715 iam
672 1661 831 1728 aliquantu·

22 1749 74 1784 um
97 1732 135 1786 de
156 1748 170 1784 s
191 1734 248 1788 atio
271 1733 463 1803 curriculoque
488 1732 663 1787 consuetude
683 1729 830 1782 maiorum.

22 1803 60 1854 ri.
73 1748 221 1854 Graccaeus
235 1817 352 1872 regnum
367 1818 503 1872 occupare
521 1809 638 1856 conotus
654 1807 711 1864 est;
730 1798 775 1852 rel
786 1813 831 1851 re·
855 1869 857 1876 J

23 1872 115 1938 mavit
133 1871 159 1922 is
174 1872 286 1939 quidem
301 1887 405 1940 paucos
416 1889 533 1926 menses.
570 1870 614 1925 41.
632 1870 706 1923 Num
717 1868 783 1938 quit
794 1868 832 1920 si·

23 1940 83 1993 nile
102 1942 226 2008 populus
236 1942 378 1993 Romanus
393 1943 522 1995 audierat
537 1949 586 1993 aut
596 1940 724 1993 uiderat}
744 1939 831 1991 llunc
871 1995 875 2000 ,

23 2010 102 2061 etiam
113 2017 308 2076 postmortem
319 2012 409 2064 secuti
419 2012 504 2064 amici
515 2017 544 2064 et
554 2009 711 2079 propinqui,
722 2007 789 2078 quid
798 2007 828 2059 in

23 2077 45 2130 Ρ.
56 2078 220 2147 Scipionem
231 2079 389 2144 effecerint,
408 2081 467 2133 sine
476 2081 598 2133 lacrimis
608 2095 663 2131 nen
673 2094 745 2147 queo
756 2079 829 2130 dice·

23 2163 56 2201 re.
86 2149 161 2201 Nam
172 2151 326 2202 Carbonem
338 2165 448 2218 quoquo
460 2151 543 2203 medo
554 2148 701 2217 potuimus,
711 2153 829 2216 propter
856 2209 861 2217 .
960 2165 967 2181 ·
1020 2167 1024 2181 ·

24 2224 161 2269 recentem
178 2234 295 2286 poenam
307 2220 351 2272 Ti.
363 2218 481 2272 Gracchi
492 2256 502 2286 ‚
513 2219 706 2270 sustinuimus.
742 2216 786 2268 De
798 2215 829 2266 C.

24 2285 142 2339 llracchi
152 2294 245 2340 autem
256 2289 414 2341 Tribunatu
425 2289 492 2357 quid
502 2295 670 2355 exspectem,
689 2302 745 2338 non
756 2284 829 2336 libet
858 2346 864 2350 .

24 2357 165 2424 augurari.
184 2357 277 2425 Serpit
288 2358 457 2412 deluderes:
478 2373 550 2425 quae
560 2355 710 2425 proclivius
721 2353 757 2405 ad
768 2365 830 2419 per·

24 2425 129 2490 niciem,
140 2442 224 2493 quurn
236 2426 436 2495 semelcoepit‚
455 2427 569 2479 labitur.
605 2424 727 2484 Videtis,
749 2421 778 2471 in
788 2424 831 2500 ta·

25 2495 98 2548 bella
108 2496 167 2547 iam
179 2504 243 2564 ante
254 2504 358 2565 quanta
368 2499 406 2550 sit
416 2497 494 2549 laeta
504 2497 591 2557 labes,
606 2493 697 2560 primo
709 2488 831 2569 (labium

25 2561 93 2631 iege,
103 2566 217 2618 biennio
229 2575 321 2619 autem
333 2573 407 2634 post,
418 2566 524 2618 Cassia.
550 2562 655 2615 Videre
665 2560 721 2638 iam
731 2557 831 2634 ruleer

25 2636 157 2701 populum
168 2653 186 2688 a
196 2638 301 2691 Senatu
311 2637 489 2698 disiunctum,
507 2627 748 2693 multitudimsque
759 2624 830 2674 arbr-
879 2643 883 2648 ·

25 2703 78 2755 trio
89 2720 135 2758 res
145 2709 281 2760 maximas
292 2708 347 2776 agi.
374 2706 478 2762 Plures
483 2703 557 2757 enim
568 2699 684 2758 discent,
699 2691 828 2762 quomad-

58 2776 119 2827 th.
131 2779 180 2831 ΟΡ.
192 2779 228 2832 Χ.
595 2766 621 2817 Ι)
