2084 3025
317 142 592 200 urrunnun.
807 143 860 200 trs
955 117 958 128 '

50 221 859 322 quoditemnnneesteonstitntomproptereamdemini·
913 283 917 290 x

49 322 194 416 quitatern
209 324 367 417 tempor-:rm
377 320 546 418 nimiffmque
556 320 699 422 hominum
710 322 859 376 licentium.

48 442 116 492 W
131 456 201 508 boni
216 456 433 512 debentdioere.
464 456 512 511 4⁷.
530 459 780 529 Atqueillelogom
789 460 860 518 onio
960 483 962 487 ’

49 528 86 585 de
103 542 158 579 xrr
173 528 278 579 tubulis
293 527 438 591 recitavit,
457 543 531 595 quae
546 531 701 595 permittit,
722 529 859 582 tutiorem

49 603 139 649 noctu
148 596 385 659 liceatooeidere,
401 603 430 649 et
439 598 504 660 iuei,
515 600 542 648 si
552 614 582 649 se
592 599 652 651 telo
663 599 809 662 defeudet3
831 606 861 651 et

48 666 146 734 legem
157 662 299 733 antiquom
311 666 346 718 de
355 667 467 734 legibus
475 668 604 730 sacratis,
623 683 694 735 quae
704 669 800 719 iubeat
810 668 860 717 im·

49 735 317 806 puneoeoidieum‚
339 751 398 796 our
418 750 601 789 rmeuuurr
621 751 716 804 reor.
738 750 861 788 russi·

50 818 173 859 vunnu.
206 803 295 868 Nihil,
310 811 342 857 ut
353 806 460 872 opinor,
472 804 661 873 praeterendo
671 805 790 872 iegibus.

36 919 39 926 ’
105 905 152 959 48.
172 904 237 969 Qua
251 907 279 960 in
291 923 324 959 re
337 906 393 959 iroe
406 909 527 975 primum
545 922 663 975 quaero,
684 907 749 976 quid
760 907 796 960 ad
804 904 865 961 hoe

50 971 190 1029 iudicium
201 977 317 1028 recitari
327 977 397 1029 istas
408 978 484 1045 leges
495 978 668 1045 pertinuerit.
693 978 766 1029 Num
777 992 861 1044 quem

50 1046 210 1098 Tribunum
225 1045 298 1113 pleb.
316 1047 391 1099 servi
406 1046 446 1098 Μ.
464 1046 551 1098 Tullii
566 1046 766 1113 pulsaverunt?
786 1047 859 1109 Non,

52 1116 165 1182 opinor.
202 1115 275 1168 Num
290 1114 412 1167 furatum
427 1116 540 1168 domurn
550 1116 580 1168 P.
592 1115 674 1168 Fabii
684 1123 768 1168 noem
779 1131 861 1169 vene·

7 1225 9 1232 ,
51 1184 137 1242 renti
158 1183 201 1236 Ne
217 1185 247 1235 id
264 1184 382 1252 quidem.
419 1185 491 1237 Num
509 1186 571 1238 iuoe
586 1185 709 1237 furatum
725 1192 860 1237 venerunt

52 1260 83 1307 ot
94 1269 126 1305 se
137 1254 196 1306 telo
209 1252 410 1306 defenderunt!
428 1255 560 1306 Dieinon
571 1260 672 1321 potest.
709 1254 784 1320 Ergo
796 1254 860 1305 istis

50 1323 176 1391 legibus,
198 1337 265 1388 quus
276 1324 414 1384 recitasti·
432 1330 508 1375 certe
518 1339 573 1375 non
582 1323 675 1391 potuit
685 1322 769 1375 istius
779 1321 861 1375 fami·

52 1392 95 1444 lia
104 1406 201 1444 seruos
211 1391 251 1444 M.
262 1391 350 1442 Tuliii
362 1391 498 1445 occidere.

106 1494 152 1549 49.
173 1492 244 1557 Non,
255 1492 357 1563 inquit,
372 1493 408 1547 ed
419 1509 480 1547 earn
490 1508 549 1547 rem
560 1494 688 1557 recitavi,
708 1492 757 1546 sed
767 1498 799 1546 ut
806 1492 862 1549 hoe

51 1564 244 1630 intelligeres,
263 1576 320 1614 non
339 1565 429 1614 visum
446 1581 507 1617 esse
522 1564 675 1616 maioribus
686 1564 790 1615 nostris
801 1570 861 1615 tam

7 1630 9 1633 ’
50 1633 201 1701 indignum
211 1634 285 1684 istuc
294 1634 389 1685 nescio
402 1633 476 1699 quid,
487 1648 569 1701 quem
580 1639 611 1684 tu
622 1639 713 1700 putas,
721 1630 861 1684 hominem

51 1703 157 1757 occidi.
171 1730 206 1741 —-
223 1703 259 1754 At
268 1703 471 1768 primumistae'
481 1702 561 1768 ipsae
572 1703 659 1770 leges,
670 1718 739 1770 quos
749 1703 862 1764 recitas,

49 1780 83 1825 ut
93 1771 205 1823 mittem
218 1777 323 1833 cetera,
345 1772 515 1839 significent,
531 1786 612 1841 quarn
623 1772 762 1823 noluerint
774 1773 863 1825 meio·
940 1784 943 1795 ’

47 1858 98 1896 res
111 1841 212 1902 nostri,
233 1840 287 1892 nisi
300 1855 382 1907 quum
393 1855 557 1907 pernecesse
567 1848 648 1903 esset,
664 1839 804 1893 hominem
816 1856 862 1891 oe·

50 1911 124 1965 eidi.
160 1909 283 1962 Primum
299 1909 356 1960 iste
372 1910 418 1960 lox
433 1917 545 1962 saerata
560 1916 614 1972 est,
635 1926 714 1977 quarn
726 1916 862 1977 rogarunt

49 1978 167 2041 annoti,
178 1985 209 2047 ut
218 1979 337 2031 inermes
349 1979 409 2030 sine
420 1979 546 2045 periculo
557 1987 669 2045 possent
681 1996 750 2032 esse.
767 1981 862 2042 Quare

48 2064 110 2102 non
120 2048 232 2110 iniuria,
245 2062 299 2117 quo
310 2048 479 2114 magistratu
491 2050 614 2100 munitae
624 2049 783 2117 ingessum,
800 2050 861 2099 eius

48 2118 239 2184 magistratus
251 2131 350 2183 eorpus
360 2116 469 2185 legibus
479 2118 616 2169 vallatum
632 2134 693 2170 esse
703 2118 860 2187 voluerunt.
913 2132 914 2137 ¹

46 2188 97 2242 50.
119 2187 230 2249 Furem,
243 2185 298 2238 hoo
309 2192 352 2238 est
363 2187 531 2254 praedonem
541 2193 571 2238 et
581 2187 727 2250 latronem,
738 2188 802 2239 luce
815 2202 860 2238 oe·

48 2257 112 2310 eidi
120 2261 220 2309 retent
229 2271 281 2308 xrr
292 2257 414 2317 tabulae,
426 2272 509 2323 quum
518 2257 593 2308 intra
603 2259 724 2324 periotes
736 2264 800 2307 tuos
811 2256 861 2307 bo-

46 2333 127 2379 stem
138 2325 323 2376 certissimum
335 2332 440 2378 teneas.
467 2340 544 2378 ursr
565 2340 603 2377 sn
625 2341 713 2378 runo
734 2339 862 2378 oonsu-

48 2411 128 2458 υιτ,
148 2394 258 2460 inquit,
281 2390 392 2446 etiarnsi
407 2410 467 2446 eum
481 2394 540 2446 telo
556 2395 677 2457 venerit,
698 2395 752 2444 nisi
765 2398 863 2444 utetur
944 2454 948 2459 .

48 2465 113 2518 telo
135 2478 170 2515 eo
187 2479 220 2515 ae
234 2464 413 2530 repugnabit:
434 2479 503 2516 nou
525 2479 679 2516 occrnns.
716 2477 807 2520 ouon
829 2475 863 2512 s1

48 2548 253 2589 peruenire
274 2547 542 2594 nnooroonrro,
559 2531 665 2583 hoeest
678 2532 862 2591 conclamato,

50 2611 84 2656 ut
97 2603 188 2668 aliqui
204 2602 321 2655 audiant
335 2608 365 2653 et
380 2602 553 2653 convenient.
590 2600 664 2663 Quid
680 2600 715 2652 ad
727 2600 797 2650 hane
808 2598 863 2648 eie·

51 2673 193 2728 mention
212 2671 281 2732 addi
295 2677 401 2739 potest,
422 2671 470 2740 qui
483 2687 518 2723 ne
535 2671 588 2722 hoe
602 2669 712 2738 quidem
730 2668 862 2737 permise-
