2084 3025
181 118 236 174 2⁷2
285 98 287 105 “
477 111 539 166 na
566 112 692 167 roro

182 219 285 288 ἀξίωμα,
295 225 345 273 ant
354 233 450 272 verum
462 234 525 271 esse
534 224 584 270 aut
593 217 705 271 falsum.
716 217 755 271 llt
765 216 837 271 enim
848 216 995 285 Epicurus

182 295 305 354 veretur,
317 305 359 352 ne,
368 289 394 340 si
405 288 457 340 hoc
468 289 645 350 concesserit,
652 286 859 342 concedendurn
869 289 920 349 sit,
930 287 995 341 fato

183 360 259 421 fieri,
280 374 471 427 quaecumque
480 359 563 410 liant:
585 359 709 422 (sienim
719 357 889 415 alterutrum
902 373 939 409 ex
949 374 996 410 ae·

183 430 319 481 ternitate
329 444 426 481 verum
437 429 484 492 sit,
494 444 556 481 esse
566 429 597 480 id
608 429 695 480 etiam
705 435 825 480 certumz
846 432 885 488 et,
896 426 923 478 si
934 442 996 479 cer·

183 506 258 559 turn,
279 499 364 551 etiarn
379 498 579 550 necessarium:
603 496 688 551 itaet
702 497 900 551 necessitatem
911 502 942 549 et
951 495 997 547 fa·

182 575 244 618 turn
255 568 414 621 confirmari
424 572 521 635 putat)
532 568 572 619 sic
582 566 755 635 Chrysippus
765 567 880 629 metuit,
901 582 946 627 ne,
970 568 996 619 si

183 653 240 693 non
257 638 427 701 obtinuerit,
449 653 544 700 omne,
564 639 637 705 quod
654 638 817 690 enuntietur
831 642 881 687 aut
892 651 995 688 raum

183 707 245 766 =esse
257 715 307 761 aut
323 707 442 771 falsum,
461 721 517 758 non
534 713 643 769 teneat,
665 707 759 758 omnia
770 704 830 757 lato
842 706 906 756 fieri
915 712 946 758 et
958 721 995 757 ex

184 778 290 830 caussis
305 778 428 833 aeternis
445 793 539 829 rorum
555 777 725 829 futurarum.
759 777 803 828 22.
821 774 876 828 Sed
888 776 996 841 Epicu·

184 864 232 905 rus
248 848 437 900 declinatione
453 847 542 898 atomi
557 846 643 899 vitari
657 844 713 897 lati
729 846 926 898 necessitatem
942 860 995 911 pu·

183 924 236 971 tat.
272 918 370 985 ltaque
380 918 483 969 tertius
496 916 610 985 quidam
623 922 717 967 motus
728 916 821 967 oritur
830 922 913 968 extra
923 929 995 981 pon-

184 988 237 1041 dus
250 992 278 1040 et
288 987 410 1057 plagam,
430 1001 514 1054 quum
527 985 649 1038 declinat
659 990 770 1037 atomus
779 983 929 1045 intervallo
942 985 995 1036 nri·

107 1078 111 1085 ’
183 1056 268 1111 niano.
296 1055 328 1108 ld
347 1053 634 1123 appellat‘dldfflocov.
663 1055 754 1116 Quam
773 1051 995 1108 declinationem

183 1129 244 1179 sine
256 1140 355 1177 caussa
366 1125 428 1176 fieri
438 1126 465 1179 si
474 1125 565 1177 minus
574 1123 676 1188 verbs,
687 1140 719 1177 re
729 1125 842 1192 cogitur
852 1123 996 1176 confiteri.

184 1197 247 1250 Non
268 1195 342 1247 enim
361 1200 473 1247 atomus
488 1195 522 1246 ab
538 1199 633 1246 atomo
653 1195 736 1262 pulsa
751 1195 880 1247 declinat.
918 1193 994 1246 Nam

185 1271 234 1335 qul
243 1271 339 1333 potest
349 1264 419 1332 pelli
431 1266 488 1319 alia
499 1264 535 1315 ab
546 1264 610 1325 alia,
627 1263 652 1316 si
662 1265 802 1332 gravitate
812 1263 945 1317 feruntur
956 1263 994 1314 ad

204 1334 416 1402 erpendiculum
431 1349 552 1402 corpora
566 1334 724 1398 individua,
743 1334 831 1387 rectis
841 1333 938 1396 lineis,
960 1340 995 1385 nt

183 1350 306 1474 Epicuro
321 1404 431 1474 placctl
450 1404 590 1472 Sequitur.
600 1405 684 1468 enim,
704 1410 751 1469 ut,
769 1405 794 1456 si
810 1403 867 1455 alia
882 1405 919 1456 ab
934 1403 996 1454 alin

183 1488 334 1545 numquam
344 1473 702 1543 depellatur,necontingat
713 1472 995 1543 quidemalianliarn.

129 1571 142 1582 v
183 1546 292 1614 Exque
312 1544 445 1609 efficitur,
465 1550 498 1597 ut
508 1546 564 1596 ianr
575 1545 601 1596 si
610 1546 649 1597 sit
659 1549 783 1608 atornus,
805 1543 996 1611 eaquedecli·

183 1622 240 1676 net,
255 1614 395 1667 declinare
404 1616 465 1676 sine
477 1631 585 1668 caussa.
617 1615 665 1670 23.
682 1616 763 1667 Hnnc
774 1615 913 1667 rationem
924 1613 998 1684 Epi·

184 1699 268 1737 curus
278 1684 388 1736 induxit
400 1687 435 1738 ob
447 1701 508 1746 eam
519 1700 591 1749 rem,
610 1683 685 1753 quod
701 1686 809 1737 veritus
820 1689 875 1746 est,
895 1698 946 1746 ne,
969 1683 996 1735 si

183 1769 295 1823 semper
306 1761 417 1806 atomus
429 1757 570 1824 gravitate
581 1754 705 1807 ferretur
714 1753 837 1808 nuurali
851 1768 885 1805 ec
896 1768 995 1805 neces·

175 1825 266 1887 ‚saria
276 1823 347 1875 nihil
358 1824 569 1884 liberunnnobis
581 1831 663 1888 essct,
679 1837 764 1894 quarn
775 1825 817 1876 ita
827 1829 995 1877 moveretur

182 1895 301 1958 animus,
312 1900 345 1945 ut
355 1900 512 1952 atomorum
524 1901 603 1947 motu
615 1900 785 1961 coget-etun·
800 1893 876 1948 Hinc
886 1892 994 1946 Demo·

183 1964 285 2026 oritus,
304 1963 406 2015 *auctor
416 1970 589 2028 atomorum,
605 1965 732 2032 accipere
741 1963 856 2025 maluit,
870 1963 996 2015 necessi·

102 2093 108 2099 ,
152 2095 158 2103 ¹
184 2038 245 2086 tato
256 2034 350 2085 omnia
361 2033 431 2096 fieri,
449 2049 532 2101 quarn
544 2049 561 2083 a
573 2035 737 2102 corporibus
746 2032 900 2085 individuis
911 2040 997 2086 natu·

184 2101 257 2155 rales
274 2107 368 2153 motus
385 2103 515 2156 avellere.
551 2103 599 2155 Xl.
617 2105 735 2158 Acutius
752 2102 924 2166 Carneades,
942 2104 996 2170 qni

185 2169 318 2232 docebat,
339 2186 421 2238 posse
436 2173 591 2240 Epicureos
612 2190 690 2225 suam
712 2188 837 2226 caussam
859 2173 921 2225 sine
939 2171 995 2223 hac

185 2241 379 2293 commentitia
390 2241 579 2296 declinatione
590 2243 747 2308 defendere·
759 2242 835 2295 ‘Nam
845 2258 931 2310 quum
941 2242 994 2293 do·

184 2316 273 2372 reret,
295 2322 356 2362 esse
375 2325 457 2378 posse
472 2312 619 2377 quemdam
639 2313 726 2364 animi
738 2317 846 2364 motum
861 2312 994 2363 rolunta·

157 2383 160 2391 ⁴
182 2379 264 2440 rium,
276 2378 304 2432 id
316 2377 370 2432 suit
382 2378 494 2431 defendi
502 2382 612 2444 nielius,
622 2397 704 2450 quarn
714 2380 896 2433 introducere
906 2381 997 2433 decli·

184 2448 340 2512 nationem,
362 2449 441 2514 cuius
461 2452 626 2515 praesertim
644 2466 771 2504 caussam
790 2450 917 2518 reperire
936 2465 997 2504 nou

185 2525 313 2583 possunt.
350 2518 411 2579 Quo
424 2518 549 2581 defenso,
560 2518 644 2574 facile
655 2519 812 2589 Chrysippo
825 2527 942 2588 possent
952 2521 998 2573 re·

182 2587 294 2640 sistere.
331 2589 423 2651 Quum
441 2590 514 2642 enim
526 2589 741 2654 concessissent,
762 2596 871 2641 motum
882 2589 997 2643 nullum

127 2671 130 2678 ·
184 2670 245 2708 esse
263 2657 324 2712 sine
335 2672 446 2720 caussa,
466 2672 520 2710 non
537 2659 735 2724 concederent,
756 2659 934 2729 omniaquee
945 2661 997 2716 fio·

685 2901 691 2942 l
