<?xml version="1.0" encoding="UTF-8"?>
<!DOCTYPE html PUBLIC "-//W3C//DTD XHTML 1.0 Transitional//EN"
    "http://www.w3.org/TR/xhtml1/DTD/xhtml1-transitional.dtd">
<html xmlns="http://www.w3.org/1999/xhtml" xml:lang="en" lang="en">
 <head>
  <title>
</title>
<meta http-equiv="Content-Type" content="text/html;charset=utf-8" />
  <meta name='ocr-system' content='tesseract 3.04.00' />
  <meta name='ocr-capabilities' content='ocr_page ocr_carea ocr_par ocr_line ocrx_word'/>
</head>
<body>
  <div class='ocr_page' id='page_1' title='image "./opera00nobbgoog_0735.png"; bbox 0 0 2084 3025; ppageno 0'>
   <div class='ocr_carea' id='block_1_1' title="bbox 76 118 836 243">
    <p class='ocr_par' dir='ltr' id='par_1_1' title="bbox 76 118 836 243">
     <span class='ocr_line' id='line_1_1' title="bbox 76 118 836 243; baseline 0.004 -28"><span class='ocrx_word' id='word_1_1' title='bbox 76 132 80 138; x_wconf 73' lang='grc'><em>’</em></span> <span class='ocrx_word' id='word_1_2' title='bbox 138 146 142 157; x_wconf 81' lang='grc'><em>’</em></span> <span class='ocrx_word' id='word_1_3' title='bbox 189 118 457 216; x_wconf 67' lang='lat' dir='ltr'><strong>enumcrare</strong></span> <span class='ocrx_word' id='word_1_4' title='bbox 476 158 680 243; x_wconf 64' lang='lat' dir='ltr'><strong>crelam</strong></span> <span class='ocrx_word' id='word_1_5' title='bbox 800 162 836 218; x_wconf 80' lang='lat' dir='ltr'><strong>u</strong></span> 
     </span>
    </p>
   </div>
   <div class='ocr_carea' id='block_1_2' title="bbox 26 259 890 2137">
    <p class='ocr_par' dir='ltr' id='par_1_2' title="bbox 26 259 890 2137">
     <span class='ocr_line' id='line_1_2' title="bbox 34 259 837 331; baseline 0.004 -15"><span class='ocrx_word' id='word_1_6' title='bbox 34 261 77 317; x_wconf 76' lang='lat'><strong>39.</strong></span> <span class='ocrx_word' id='word_1_7' title='bbox 95 259 228 315; x_wconf 68' lang='lat' dir='ltr'><strong>Wdemur</strong></span> <span class='ocrx_word' id='word_1_8' title='bbox 244 263 348 331; x_wconf 86' lang='lat' dir='ltr'><strong>Papum</strong></span> <span class='ocrx_word' id='word_1_9' title='bbox 365 265 510 318; x_wconf 79' lang='lat' dir='ltr'><strong>Aemilium</strong></span> <span class='ocrx_word' id='word_1_10' title='bbox 530 266 559 318; x_wconf 82' lang='lat' dir='ltr'><strong>C.</strong></span> <span class='ocrx_word' id='word_1_11' title='bbox 575 264 695 318; x_wconf 77' lang='lat' dir='ltr'><strong>Luscino</strong></span> <span class='ocrx_word' id='word_1_12' title='bbox 716 264 837 318; x_wconf 75' lang='lat' dir='ltr'><strong>laertilia·</strong></span> 
     </span>
     <span class='ocr_line' id='line_1_3' title="bbox 33 332 838 403; baseline 0.004 -19"><span class='ocrx_word' id='word_1_13' title='bbox 33 348 92 384; x_wconf 88' lang='lat' dir='ltr'><strong>rem</strong></span> <span class='ocrx_word' id='word_1_14' title='bbox 103 332 199 394; x_wconf 76' lang='lat' dir='ltr'><strong>fuisse,</strong></span> <span class='ocrx_word' id='word_1_15' title='bbox 211 334 269 391; x_wconf 82' lang='lat' dir='ltr'><strong>(cic</strong></span> <span class='ocrx_word' id='word_1_16' title='bbox 280 349 297 384; x_wconf 90' lang='lat' dir='ltr'><strong>a</strong></span> <span class='ocrx_word' id='word_1_17' title='bbox 307 334 434 402; x_wconf 76' lang='lat' dir='ltr'><strong>patribus</strong></span> <span class='ocrx_word' id='word_1_18' title='bbox 446 335 630 403; x_wconf 79' lang='lat' dir='ltr'><strong>accepimuc,)</strong></span> <span class='ocrx_word' id='word_1_19' title='bbox 647 336 756 387; x_wconf 80' lang='lat' dir='ltr'><strong>bisunu</strong></span> <span class='ocrx_word' id='word_1_20' title='bbox 767 334 838 387; x_wconf 81' lang='lat' dir='ltr'><strong>Cou-</strong></span> 
     </span>
     <span class='ocr_line' id='line_1_4' title="bbox 33 401 837 471; baseline 0.005 -19"><span class='ocrx_word' id='word_1_21' title='bbox 33 402 117 464; x_wconf 80' lang='lat' dir='ltr'><strong>sulcc,</strong></span> <span class='ocrx_word' id='word_1_22' title='bbox 136 410 165 453; x_wconf 89' lang='lat' dir='ltr'><strong>et</strong></span> <span class='ocrx_word' id='word_1_23' title='bbox 176 401 339 471; x_wconf 78' lang='lat' dir='ltr'><strong>collegaria</strong></span> <span class='ocrx_word' id='word_1_24' title='bbox 351 404 486 457; x_wconf 74' lang='lat' dir='ltr'><strong>Censura:</strong></span> <span class='ocrx_word' id='word_1_25' title='bbox 508 413 567 456; x_wconf 88' lang='lat' dir='ltr'><strong>tum</strong></span> <span class='ocrx_word' id='word_1_26' title='bbox 579 411 679 459; x_wconf 77' lang='lat' dir='ltr'><strong>etcum</strong></span> <span class='ocrx_word' id='word_1_27' title='bbox 690 405 739 467; x_wconf 81' lang='lat' dir='ltr'><strong>iic,</strong></span> <span class='ocrx_word' id='word_1_28' title='bbox 758 412 787 457; x_wconf 89' lang='lat' dir='ltr'><strong>et</strong></span> <span class='ocrx_word' id='word_1_29' title='bbox 798 405 837 456; x_wconf 89' lang='lat' dir='ltr'><strong>iu·</strong></span> 
     </span>
     <span class='ocr_line' id='line_1_5' title="bbox 34 466 837 533; baseline 0.002 -11"><span class='ocrx_word' id='word_1_30' title='bbox 34 478 79 523; x_wconf 87' lang='lat' dir='ltr'><strong>ter</strong></span> <span class='ocrx_word' id='word_1_31' title='bbox 95 466 139 533; x_wconf 74' lang='lat' dir='ltr'><strong>cc,</strong></span> <span class='ocrx_word' id='word_1_32' title='bbox 159 471 401 524; x_wconf 72' lang='lat' dir='ltr'><strong>coniunctissimos</strong></span> <span class='ocrx_word' id='word_1_33' title='bbox 411 471 498 526; x_wconf 78' lang='lat' dir='ltr'><strong>luicec</strong></span> <span class='ocrx_word' id='word_1_34' title='bbox 509 474 553 525; x_wconf 81' lang='grc' dir='ltr'><strong>Μ’</strong></span> <span class='ocrx_word' id='word_1_35' title='bbox 564 474 676 525; x_wconf 83' lang='lat' dir='ltr'><strong>Curium</strong></span> <span class='ocrx_word' id='word_1_36' title='bbox 691 480 720 525; x_wconf 88' lang='lat' dir='ltr'><strong>et</strong></span> <span class='ocrx_word' id='word_1_37' title='bbox 730 474 774 525; x_wconf 82' lang='lat' dir='ltr'><strong>Ti.</strong></span> <span class='ocrx_word' id='word_1_38' title='bbox 785 475 837 525; x_wconf 82' lang='lat' dir='ltr'><strong>Co·</strong></span> 
     </span>
     <span class='ocr_line' id='line_1_6' title="bbox 33 541 837 611; baseline -0.001 -18"><span class='ocrx_word' id='word_1_39' title='bbox 33 541 206 603; x_wconf 74' lang='lat' dir='ltr'><strong>numenium,</strong></span> <span class='ocrx_word' id='word_1_40' title='bbox 220 542 373 595; x_wconf 76' lang='lat' dir='ltr'><strong>memoriae</strong></span> <span class='ocrx_word' id='word_1_41' title='bbox 383 544 525 609; x_wconf 90' lang='lat' dir='ltr'><strong>proditum</strong></span> <span class='ocrx_word' id='word_1_42' title='bbox 535 547 587 595; x_wconf 78' lang='lat' dir='ltr'><strong>eut.</strong></span> <span class='ocrx_word' id='word_1_43' title='bbox 605 543 695 611; x_wconf 83' lang='lat' dir='ltr'>Igitur</span> <span class='ocrx_word' id='word_1_44' title='bbox 704 558 738 595; x_wconf 88' lang='lat' dir='ltr'><strong>ne</strong></span> <span class='ocrx_word' id='word_1_45' title='bbox 749 542 837 609; x_wconf 78' lang='lat' dir='ltr'><strong>auspi·</strong></span> 
     </span>
     <span class='ocr_line' id='line_1_7' title="bbox 34 609 837 680; baseline 0.002 -18"><span class='ocrx_word' id='word_1_46' title='bbox 34 609 92 662; x_wconf 86' lang='lat' dir='ltr'><strong>cari</strong></span> <span class='ocrx_word' id='word_1_47' title='bbox 102 610 214 676; x_wconf 84' lang='lat' dir='ltr'><strong>quidem</strong></span> <span class='ocrx_word' id='word_1_48' title='bbox 226 626 387 677; x_wconf 72' lang='lat' dir='ltr'><strong>poscumus,</strong></span> <span class='ocrx_word' id='word_1_49' title='bbox 408 627 573 680; x_wconf 86' lang='lat' dir='ltr'><strong>quemquam</strong></span> <span class='ocrx_word' id='word_1_50' title='bbox 588 609 684 673; x_wconf 87' lang='lat' dir='ltr'><strong>horum</strong></span> <span class='ocrx_word' id='word_1_51' title='bbox 701 612 736 664; x_wconf 85' lang='lat' dir='ltr'><strong>ab</strong></span> <span class='ocrx_word' id='word_1_52' title='bbox 746 610 837 664; x_wconf 86' lang='lat' dir='ltr'><strong>amico</strong></span> 
     </span>
     <span class='ocr_line' id='line_1_8' title="bbox 33 679 839 748; baseline 0.002 -19"><span class='ocrx_word' id='word_1_53' title='bbox 33 679 177 746; x_wconf 85' lang='lat' dir='ltr'>quippiam</span> <span class='ocrx_word' id='word_1_54' title='bbox 189 681 373 744; x_wconf 71' lang='lat' dir='ltr'><strong>contendisse,</strong></span> <span class='ocrx_word' id='word_1_55' title='bbox 379 681 452 748; x_wconf 88' lang='lat' dir='ltr'><strong>quod</strong></span> <span class='ocrx_word' id='word_1_56' title='bbox 462 688 562 734; x_wconf 86' lang='lat' dir='ltr'><strong>contra</strong></span> <span class='ocrx_word' id='word_1_57' title='bbox 572 681 664 743; x_wconf 83' lang='lat' dir='ltr'><strong>iidem,</strong></span> <span class='ocrx_word' id='word_1_58' title='bbox 675 689 773 732; x_wconf 87' lang='lat' dir='ltr'><strong>eontra</strong></span> <span class='ocrx_word' id='word_1_59' title='bbox 782 681 839 732; x_wconf 78' lang='lat' dir='ltr'><strong>iur-</strong></span> 
     </span>
     <span class='ocr_line' id='line_1_9' title="bbox 33 747 839 818; baseline 0 -20"><span class='ocrx_word' id='word_1_60' title='bbox 33 747 190 810; x_wconf 84' lang='lat' dir='ltr'><strong>iurandum,</strong></span> <span class='ocrx_word' id='word_1_61' title='bbox 203 756 301 802; x_wconf 87' lang='lat' dir='ltr'><strong>contra</strong></span> <span class='ocrx_word' id='word_1_62' title='bbox 312 750 511 818; x_wconf 81' lang='lat' dir='ltr'>rempublicam</span> <span class='ocrx_word' id='word_1_63' title='bbox 523 756 605 802; x_wconf 68' lang='lat' dir='ltr'><strong>canet.</strong></span> <span class='ocrx_word' id='word_1_64' title='bbox 633 748 704 801; x_wconf 85' lang='lat' dir='ltr'><strong>Nam</strong></span> <span class='ocrx_word' id='word_1_65' title='bbox 718 748 770 800; x_wconf 89' lang='lat' dir='ltr'><strong>hoc</strong></span> <span class='ocrx_word' id='word_1_66' title='bbox 780 747 839 815; x_wconf 92' lang='lat' dir='ltr'><strong>qui·</strong></span> 
     </span>
     <span class='ocr_line' id='line_1_10' title="bbox 33 816 840 886; baseline 0.001 -19"><span class='ocrx_word' id='word_1_67' title='bbox 33 816 96 869; x_wconf 83' lang='lat' dir='ltr'><strong>dem</strong></span> <span class='ocrx_word' id='word_1_68' title='bbox 110 816 140 869; x_wconf 86' lang='lat' dir='ltr'><strong>ia</strong></span> <span class='ocrx_word' id='word_1_69' title='bbox 151 819 255 870; x_wconf 73' lang='lat' dir='ltr'><strong>talibus</strong></span> <span class='ocrx_word' id='word_1_70' title='bbox 269 820 338 871; x_wconf 79' lang='lat' dir='ltr'><strong>virio</strong></span> <span class='ocrx_word' id='word_1_71' title='bbox 360 819 425 886; x_wconf 89' lang='lat' dir='ltr'><strong>quid</strong></span> <span class='ocrx_word' id='word_1_72' title='bbox 443 819 547 872; x_wconf 75' lang='lat' dir='ltr'><strong>attinet</strong></span> <span class='ocrx_word' id='word_1_73' title='bbox 562 819 667 870; x_wconf 81' lang='lat' dir='ltr'><strong>dicere:</strong></span> <span class='ocrx_word' id='word_1_74' title='bbox 689 819 713 870; x_wconf 82' lang='lat' dir='ltr'><strong>ci</strong></span> <span class='ocrx_word' id='word_1_75' title='bbox 728 826 840 869; x_wconf 87' lang='lat' dir='ltr'><strong>conten·</strong></span> 
     </span>
     <span class='ocr_line' id='line_1_11' title="bbox 31 884 839 956; baseline -0.002 -17"><span class='ocrx_word' id='word_1_76' title='bbox 31 884 127 948; x_wconf 78' lang='lat' dir='ltr'><strong>disset,</strong></span> <span class='ocrx_word' id='word_1_77' title='bbox 143 887 359 955; x_wconf 86' lang='lat' dir='ltr'><strong>impetraturum</strong></span> <span class='ocrx_word' id='word_1_78' title='bbox 368 902 423 940; x_wconf 87' lang='lat' dir='ltr'><strong>uon</strong></span> <span class='ocrx_word' id='word_1_79' title='bbox 435 888 540 953; x_wconf 53' lang='lat' dir='ltr'><strong>fuicuep</strong></span> <span class='ocrx_word' id='word_1_80' title='bbox 551 902 634 956; x_wconf 88' lang='lat' dir='ltr'><strong>quum</strong></span> <span class='ocrx_word' id='word_1_81' title='bbox 644 887 687 940; x_wconf 90' lang='lat' dir='ltr'><strong>illi</strong></span> <span class='ocrx_word' id='word_1_82' title='bbox 698 885 839 939; x_wconf 79' lang='lat' dir='ltr'><strong>sanctissi-</strong></span> 
     </span>
     <span class='ocr_line' id='line_1_12' title="bbox 31 953 839 1026; baseline -0.004 -17"><span class='ocrx_word' id='word_1_83' title='bbox 31 958 72 1009; x_wconf 88' lang='lat' dir='ltr'><strong>mi</strong></span> <span class='ocrx_word' id='word_1_84' title='bbox 82 956 134 1007; x_wconf 86' lang='lat' dir='ltr'><strong>viri</strong></span> <span class='ocrx_word' id='word_1_85' title='bbox 144 956 257 1022; x_wconf 83' lang='lat' dir='ltr'><strong>fuerint,</strong></span> <span class='ocrx_word' id='word_1_86' title='bbox 277 973 365 1026; x_wconf 88' lang='lat' dir='ltr'><strong>acque</strong></span> <span class='ocrx_word' id='word_1_87' title='bbox 375 965 467 1012; x_wconf 88' lang='lat' dir='ltr'><strong>autem</strong></span> <span class='ocrx_word' id='word_1_88' title='bbox 479 959 558 1011; x_wconf 78' lang='lat' dir='ltr'><strong>nesae</strong></span> <span class='ocrx_word' id='word_1_89' title='bbox 568 959 615 1021; x_wconf 82' lang='lat' dir='ltr'><strong>sit,</strong></span> <span class='ocrx_word' id='word_1_90' title='bbox 626 958 684 1010; x_wconf 85' lang='lat' dir='ltr'><strong>tale</strong></span> <span class='ocrx_word' id='word_1_91' title='bbox 693 953 800 1024; x_wconf 79' lang='lat' dir='ltr'><strong>aliquid</strong></span> <span class='ocrx_word' id='word_1_92' title='bbox 809 959 839 1007; x_wconf 87' lang='lat' dir='ltr'><strong>et</strong></span> 
     </span>
     <span class='ocr_line' id='line_1_13' title="bbox 31 1024 839 1095; baseline -0.001 -18"><span class='ocrx_word' id='word_1_93' title='bbox 31 1027 126 1078; x_wconf 84' lang='lat' dir='ltr'><strong>facere</strong></span> <span class='ocrx_word' id='word_1_94' title='bbox 140 1034 285 1094; x_wconf 83' lang='lat' dir='ltr'><strong>rogatum,</strong></span> <span class='ocrx_word' id='word_1_95' title='bbox 306 1036 335 1080; x_wconf 88' lang='lat' dir='ltr'><strong>et</strong></span> <span class='ocrx_word' id='word_1_96' title='bbox 351 1028 470 1095; x_wconf 75' lang='lat' dir='ltr'><strong>rogaret</strong></span> <span class='ocrx_word' id='word_1_97' title='bbox 489 1030 525 1080; x_wconf 78' lang='lat' dir='ltr'><strong>At</strong></span> <span class='ocrx_word' id='word_1_98' title='bbox 539 1042 606 1081; x_wconf 76' lang='lat' dir='ltr'><strong>cero</strong></span> <span class='ocrx_word' id='word_1_99' title='bbox 624 1027 668 1079; x_wconf 86' lang='lat' dir='ltr'><strong>Ti.</strong></span> <span class='ocrx_word' id='word_1_100' title='bbox 680 1024 839 1078; x_wconf 78' lang='lat' dir='ltr'>Gracchum</span> 
     </span>
     <span class='ocr_line' id='line_1_14' title="bbox 32 1094 839 1163; baseline -0.001 -17"><span class='ocrx_word' id='word_1_101' title='bbox 32 1095 219 1162; x_wconf 76' lang='lat' dir='ltr'><strong>sequebantur</strong></span> <span class='ocrx_word' id='word_1_102' title='bbox 230 1097 365 1161; x_wconf 82' lang='lat' dir='ltr'><strong>C.carbo‚</strong></span> <span class='ocrx_word' id='word_1_103' title='bbox 377 1099 491 1161; x_wconf 59' lang='lat' dir='ltr'><strong>allato,</strong></span> <span class='ocrx_word' id='word_1_104' title='bbox 502 1104 531 1151; x_wconf 89' lang='lat' dir='ltr'><strong>ct</strong></span> <span class='ocrx_word' id='word_1_105' title='bbox 537 1096 650 1150; x_wconf 85' lang='lat' dir='ltr'><strong>minime</strong></span> <span class='ocrx_word' id='word_1_106' title='bbox 660 1104 718 1148; x_wconf 89' lang='lat' dir='ltr'><strong>tum</strong></span> <span class='ocrx_word' id='word_1_107' title='bbox 726 1094 839 1163; x_wconf 78' lang='lat' dir='ltr'><strong>quidem</strong></span> 
     </span>
     <span class='ocr_line' id='line_1_15' title="bbox 32 1163 838 1229; baseline -0.001 -13"><span class='ocrx_word' id='word_1_108' title='bbox 32 1165 115 1216; x_wconf 82' lang='lat' dir='ltr'><strong>Caius</strong></span> <span class='ocrx_word' id='word_1_109' title='bbox 126 1164 227 1229; x_wconf 84' lang='lat' dir='ltr'><strong>irater,</strong></span> <span class='ocrx_word' id='word_1_110' title='bbox 246 1167 408 1219; x_wconf 77' lang='lat' dir='ltr'><strong>nuncidcm</strong></span> <span class='ocrx_word' id='word_1_111' title='bbox 420 1168 579 1220; x_wconf 75' lang='lat' dir='ltr'><strong>acerrimus.</strong></span> <span class='ocrx_word' id='word_1_112' title='bbox 615 1166 677 1227; x_wconf 76' lang='grc' dir='ltr'><strong>ΧΠ.</strong></span> <span class='ocrx_word' id='word_1_113' title='bbox 694 1165 739 1218; x_wconf 82' lang='grc'><strong>40.</strong></span> <span class='ocrx_word' id='word_1_114' title='bbox 757 1163 838 1216; x_wconf 86' lang='lat' dir='ltr'><strong>llaec</strong></span> 
     </span>
     <span class='ocr_line' id='line_1_16' title="bbox 30 1234 839 1304; baseline -0.001 -18"><span class='ocrx_word' id='word_1_115' title='bbox 30 1234 177 1302; x_wconf 70' lang='lat' dir='ltr'><strong>igiturlex</strong></span> <span class='ocrx_word' id='word_1_116' title='bbox 186 1236 215 1288; x_wconf 87' lang='lat' dir='ltr'><strong>in</strong></span> <span class='ocrx_word' id='word_1_117' title='bbox 226 1237 350 1289; x_wconf 85' lang='lat' dir='ltr'><strong>amicitia</strong></span> <span class='ocrx_word' id='word_1_118' title='bbox 360 1236 547 1300; x_wconf 80' lang='lat' dir='ltr'><strong>sanciatur,ut</strong></span> <span class='ocrx_word' id='word_1_119' title='bbox 558 1252 647 1304; x_wconf 81' lang='lat' dir='ltr'><strong>neque</strong></span> <span class='ocrx_word' id='word_1_120' title='bbox 656 1249 786 1302; x_wconf 76' lang='lat' dir='ltr'><strong>rogemus</strong></span> <span class='ocrx_word' id='word_1_121' title='bbox 792 1247 839 1286; x_wconf 76' lang='lat' dir='ltr'><strong>ren</strong></span> 
     </span>
     <span class='ocr_line' id='line_1_17' title="bbox 31 1302 838 1428; baseline -0.001 -73"><span class='ocrx_word' id='word_1_122' title='bbox 31 1310 138 1372; x_wconf 73' lang='lat' dir='ltr'><strong>turpes,</strong></span> <span class='ocrx_word' id='word_1_123' title='bbox 148 1321 199 1357; x_wconf 87' lang='lat' dir='ltr'><strong>nec</strong></span> <span class='ocrx_word' id='word_1_124' title='bbox 208 1306 343 1358; x_wconf 79' lang='lat' dir='ltr'><strong>faciamus</strong></span> <span class='ocrx_word' id='word_1_125' title='bbox 354 1308 457 1428; x_wconf 59' lang='lat' dir='ltr'><strong>reficti.</strong></span> <span class='ocrx_word' id='word_1_126' title='bbox 494 1308 596 1374; x_wconf 81' lang='lat' dir='ltr'><strong>Turpia</strong></span> <span class='ocrx_word' id='word_1_127' title='bbox 608 1306 680 1360; x_wconf 88' lang='lat' dir='ltr'><strong>enim</strong></span> <span class='ocrx_word' id='word_1_128' title='bbox 693 1302 838 1357; x_wconf 73' lang='lat' dir='ltr'><strong>excusatio</strong></span> 
     </span>
     <span class='ocr_line' id='line_1_18' title="bbox 32 1372 840 1445; baseline -0.005 -19"><span class='ocrx_word' id='word_1_129' title='bbox 32 1380 76 1426; x_wconf 77' lang='lat' dir='ltr'><strong>est</strong></span> <span class='ocrx_word' id='word_1_130' title='bbox 90 1379 120 1425; x_wconf 86' lang='lat' dir='ltr'><strong>et</strong></span> <span class='ocrx_word' id='word_1_131' title='bbox 134 1375 248 1426; x_wconf 89' lang='lat' dir='ltr'><strong>minime</strong></span> <span class='ocrx_word' id='word_1_132' title='bbox 258 1376 385 1442; x_wconf 72' lang='lat' dir='ltr'><strong>accipian</strong></span> <span class='ocrx_word' id='word_1_133' title='bbox 406 1391 436 1439; x_wconf 87' lang='lat' dir='ltr'><strong>a,</strong></span> <span class='ocrx_word' id='word_1_134' title='bbox 457 1392 539 1445; x_wconf 90' lang='lat' dir='ltr'><strong>quum</strong></span> <span class='ocrx_word' id='word_1_135' title='bbox 553 1378 584 1430; x_wconf 88' lang='lat' dir='ltr'><strong>in</strong></span> <span class='ocrx_word' id='word_1_136' title='bbox 594 1375 694 1428; x_wconf 74' lang='lat' dir='ltr'><strong>ceteris</strong></span> <span class='ocrx_word' id='word_1_137' title='bbox 706 1372 840 1439; x_wconf 72' lang='lat' dir='ltr'><strong>pcccatis,</strong></span> 
     </span>
     <span class='ocr_line' id='line_1_19' title="bbox 30 1439 840 1518; baseline 0 -25"><span class='ocrx_word' id='word_1_138' title='bbox 30 1449 90 1494; x_wconf 88' lang='lat' dir='ltr'><strong>tum</strong></span> <span class='ocrx_word' id='word_1_139' title='bbox 106 1441 133 1493; x_wconf 78' lang='lat' dir='ltr'><strong>ci</strong></span> <span class='ocrx_word' id='word_1_140' title='bbox 149 1445 208 1510; x_wconf 82' lang='lat' dir='ltr'><strong>quis</strong></span> <span class='ocrx_word' id='word_1_141' title='bbox 224 1451 321 1497; x_wconf 88' lang='lat' dir='ltr'><strong>contra</strong></span> <span class='ocrx_word' id='word_1_142' title='bbox 334 1445 535 1518; x_wconf 70' lang='lat' dir='ltr'><strong>rempublicam</strong></span> <span class='ocrx_word' id='word_1_143' title='bbox 551 1461 582 1498; x_wconf 79' lang='lat' dir='ltr'><strong>ae</strong></span> <span class='ocrx_word' id='word_1_144' title='bbox 593 1444 676 1496; x_wconf 76' lang='lat' dir='ltr'><strong>antici</strong></span> <span class='ocrx_word' id='word_1_145' title='bbox 689 1456 788 1496; x_wconf 78' lang='lat' dir='ltr'><strong>caucca</strong></span> <span class='ocrx_word' id='word_1_146' title='bbox 798 1439 840 1493; x_wconf 84' lang='lat' dir='ltr'><strong>io·</strong></span> 
     </span>
     <span class='ocr_line' id='line_1_20' title="bbox 30 1510 890 1580; baseline -0.003 -15"><span class='ocrx_word' id='word_1_147' title='bbox 30 1510 246 1569; x_wconf 78' lang='lat' dir='ltr'><strong>ciceefctcatur.</strong></span> <span class='ocrx_word' id='word_1_148' title='bbox 281 1516 394 1568; x_wconf 81' lang='lat' dir='ltr'><strong>Etenim</strong></span> <span class='ocrx_word' id='word_1_149' title='bbox 408 1531 441 1568; x_wconf 93' lang='lat' dir='ltr'><strong>eo</strong></span> <span class='ocrx_word' id='word_1_150' title='bbox 453 1516 534 1580; x_wconf 85' lang='lat' dir='ltr'><strong>loco,</strong></span> <span class='ocrx_word' id='word_1_151' title='bbox 554 1510 841 1575; x_wconf 72' lang='lat' dir='ltr'><strong>FaunietScaerola,</strong></span> <span class='ocrx_word' id='word_1_152' title='bbox 888 1525 890 1530; x_wconf 80' lang='grc'><strong>’</strong></span> 
     </span>
     <span class='ocr_line' id='line_1_21' title="bbox 30 1579 840 1654; baseline -0.004 -20"><span class='ocrx_word' id='word_1_153' title='bbox 30 1583 121 1635; x_wconf 84' lang='lat' dir='ltr'><strong>locati</strong></span> <span class='ocrx_word' id='word_1_154' title='bbox 132 1599 235 1648; x_wconf 76' lang='lat' dir='ltr'><strong>eumue,</strong></span> <span class='ocrx_word' id='word_1_155' title='bbox 250 1592 282 1636; x_wconf 92' lang='lat' dir='ltr'><strong>ut</strong></span> <span class='ocrx_word' id='word_1_156' title='bbox 293 1602 343 1638; x_wconf 81' lang='lat' dir='ltr'><strong>noa</strong></span> <span class='ocrx_word' id='word_1_157' title='bbox 354 1586 438 1654; x_wconf 81' lang='lat' dir='ltr'><strong>longe</strong></span> <span class='ocrx_word' id='word_1_158' title='bbox 449 1586 609 1653; x_wconf 74' lang='lat' dir='ltr'><strong>prospicere</strong></span> <span class='ocrx_word' id='word_1_159' title='bbox 622 1589 755 1651; x_wconf 77' lang='lat' dir='ltr'><strong>operteat</strong></span> <span class='ocrx_word' id='word_1_160' title='bbox 766 1579 840 1632; x_wconf 82' lang='lat' dir='ltr'><strong>iutu-</strong></span> 
     </span>
     <span class='ocr_line' id='line_1_22' title="bbox 29 1651 841 1721; baseline -0.005 -17"><span class='ocrx_word' id='word_1_161' title='bbox 29 1667 79 1704; x_wconf 84' lang='lat' dir='ltr'><strong>ros</strong></span> <span class='ocrx_word' id='word_1_162' title='bbox 89 1667 172 1705; x_wconf 83' lang='lat' dir='ltr'><strong>casus</strong></span> <span class='ocrx_word' id='word_1_163' title='bbox 182 1653 359 1721; x_wconf 77' lang='lat' dir='ltr'><strong>reipublicae.</strong></span> <span class='ocrx_word' id='word_1_164' title='bbox 395 1654 517 1708; x_wconf 83' lang='lat' dir='ltr'><strong>Dellcxit</strong></span> <span class='ocrx_word' id='word_1_165' title='bbox 529 1655 603 1708; x_wconf 72' lang='lat' dir='ltr'><strong>cmm</strong></span> <span class='ocrx_word' id='word_1_166' title='bbox 615 1653 672 1705; x_wconf 77' lang='lat' dir='ltr'><strong>iam</strong></span> <span class='ocrx_word' id='word_1_167' title='bbox 683 1651 841 1719; x_wconf 81' lang='lat' dir='ltr'><strong>aliquantu·</strong></span> 
     </span>
     <span class='ocr_line' id='line_1_23' title="bbox 29 1719 840 1793; baseline -0.002 -21"><span class='ocrx_word' id='word_1_168' title='bbox 29 1721 89 1773; x_wconf 88' lang='lat' dir='ltr'><strong>lum</strong></span> <span class='ocrx_word' id='word_1_169' title='bbox 111 1720 259 1776; x_wconf 77' lang='lat' dir='ltr'><strong>decutio</strong></span> <span class='ocrx_word' id='word_1_170' title='bbox 281 1723 474 1793; x_wconf 81' lang='lat' dir='ltr'><strong>curriculoque</strong></span> <span class='ocrx_word' id='word_1_171' title='bbox 499 1722 673 1777; x_wconf 80' lang='lat' dir='ltr'><strong>consuetudo</strong></span> <span class='ocrx_word' id='word_1_172' title='bbox 694 1719 840 1772; x_wconf 87' lang='lat' dir='ltr'><strong>maiorum.</strong></span> 
     </span>
     <span class='ocr_line' id='line_1_24' title="bbox 28 1738 841 1862; baseline -0.001 -21"><span class='ocrx_word' id='word_1_173' title='bbox 28 1791 76 1842; x_wconf 83' lang='lat' dir='ltr'><strong>Ti.</strong></span> <span class='ocrx_word' id='word_1_174' title='bbox 88 1738 231 1844; x_wconf 68' lang='lat' dir='ltr'><strong>Gracciiue</strong></span> <span class='ocrx_word' id='word_1_175' title='bbox 245 1807 362 1862; x_wconf 75' lang='lat' dir='ltr'><strong>regnum</strong></span> <span class='ocrx_word' id='word_1_176' title='bbox 378 1808 514 1861; x_wconf 88' lang='lat' dir='ltr'><strong>occupare</strong></span> <span class='ocrx_word' id='word_1_177' title='bbox 531 1798 649 1846; x_wconf 75' lang='lat' dir='ltr'><strong>conatus</strong></span> <span class='ocrx_word' id='word_1_178' title='bbox 665 1797 721 1854; x_wconf 65' lang='grc' dir='ltr'><strong>θεὶς</strong></span> <span class='ocrx_word' id='word_1_179' title='bbox 740 1789 785 1842; x_wconf 74' lang='lat' dir='ltr'><strong>vel</strong></span> <span class='ocrx_word' id='word_1_180' title='bbox 796 1803 841 1841; x_wconf 90' lang='lat' dir='ltr'><strong>re·</strong></span> 
     </span>
     <span class='ocr_line' id='line_1_25' title="bbox 28 1856 867 1930; baseline 0.004 -19"><span class='ocrx_word' id='word_1_181' title='bbox 28 1861 128 1928; x_wconf 81' lang='lat' dir='ltr'><strong>gnavit</strong></span> <span class='ocrx_word' id='word_1_182' title='bbox 144 1862 170 1912; x_wconf 79' lang='lat' dir='ltr'><strong>ir</strong></span> <span class='ocrx_word' id='word_1_183' title='bbox 185 1862 296 1929; x_wconf 87' lang='lat' dir='ltr'><strong>quidem</strong></span> <span class='ocrx_word' id='word_1_184' title='bbox 311 1877 415 1930; x_wconf 77' lang='lat' dir='ltr'><strong>paucos</strong></span> <span class='ocrx_word' id='word_1_185' title='bbox 426 1878 544 1916; x_wconf 73' lang='lat' dir='ltr'><strong>menses.</strong></span> <span class='ocrx_word' id='word_1_186' title='bbox 581 1860 625 1915; x_wconf 78' lang='lat'><strong>41.</strong></span> <span class='ocrx_word' id='word_1_187' title='bbox 642 1860 716 1913; x_wconf 89' lang='lat' dir='ltr'><strong>Num</strong></span> <span class='ocrx_word' id='word_1_188' title='bbox 727 1858 794 1928; x_wconf 79' lang='lat' dir='ltr'><strong>quia</strong></span> <span class='ocrx_word' id='word_1_189' title='bbox 804 1856 842 1910; x_wconf 77' lang='lat' dir='ltr'><strong>ai·</strong></span> <span class='ocrx_word' id='word_1_190' title='bbox 865 1861 867 1866; x_wconf 79' lang='grc'>’</span> 
     </span>
     <span class='ocr_line' id='line_1_26' title="bbox 27 1928 885 1997; baseline 0 -18"><span class='ocrx_word' id='word_1_191' title='bbox 27 1928 96 1981; x_wconf 88' lang='lat' dir='ltr'><strong>mile</strong></span> <span class='ocrx_word' id='word_1_192' title='bbox 114 1932 236 1997; x_wconf 76' lang='lat' dir='ltr'><strong>populus</strong></span> <span class='ocrx_word' id='word_1_193' title='bbox 247 1932 388 1984; x_wconf 75' lang='lat' dir='ltr'><strong>Romanus</strong></span> <span class='ocrx_word' id='word_1_194' title='bbox 403 1932 533 1985; x_wconf 83' lang='lat' dir='ltr'><strong>audierat</strong></span> <span class='ocrx_word' id='word_1_195' title='bbox 548 1938 596 1983; x_wconf 84' lang='lat' dir='ltr'><strong>aut</strong></span> <span class='ocrx_word' id='word_1_196' title='bbox 606 1930 735 1983; x_wconf 73' lang='lat' dir='ltr'><strong>ridcrati</strong></span> <span class='ocrx_word' id='word_1_197' title='bbox 755 1929 841 1980; x_wconf 82' lang='lat' dir='ltr'><strong>Hunc</strong></span> <span class='ocrx_word' id='word_1_198' title='bbox 881 1985 885 1990; x_wconf 21' lang='lat' dir='ltr'><em>A</em></span> 
     </span>
     <span class='ocr_line' id='line_1_27' title="bbox 27 1997 839 2069; baseline -0.001 -19"><span class='ocrx_word' id='word_1_199' title='bbox 27 1999 114 2050; x_wconf 87' lang='lat' dir='ltr'><strong>ctiam</strong></span> <span class='ocrx_word' id='word_1_200' title='bbox 125 2008 189 2065; x_wconf 78' lang='lat' dir='ltr'><strong>post</strong></span> <span class='ocrx_word' id='word_1_201' title='bbox 200 2007 319 2053; x_wconf 89' lang='lat' dir='ltr'><strong>mortem</strong></span> <span class='ocrx_word' id='word_1_202' title='bbox 329 2002 419 2054; x_wconf 80' lang='lat' dir='ltr'><strong>secuti</strong></span> <span class='ocrx_word' id='word_1_203' title='bbox 429 2002 515 2054; x_wconf 88' lang='lat' dir='ltr'><strong>amici</strong></span> <span class='ocrx_word' id='word_1_204' title='bbox 526 2008 554 2054; x_wconf 88' lang='lat' dir='ltr'><strong>et</strong></span> <span class='ocrx_word' id='word_1_205' title='bbox 564 1999 721 2069; x_wconf 87' lang='lat' dir='ltr'><strong>propinqui,</strong></span> <span class='ocrx_word' id='word_1_206' title='bbox 733 1997 798 2067; x_wconf 86' lang='lat' dir='ltr'><strong>quid</strong></span> <span class='ocrx_word' id='word_1_207' title='bbox 808 1997 839 2049; x_wconf 88' lang='lat' dir='ltr'><strong>in</strong></span> 
     </span>
     <span class='ocr_line' id='line_1_28' title="bbox 26 2066 839 2137; baseline -0.002 -16"><span class='ocrx_word' id='word_1_208' title='bbox 26 2066 58 2120; x_wconf 91' lang='lat' dir='ltr'><strong>P.</strong></span> <span class='ocrx_word' id='word_1_209' title='bbox 69 2067 230 2136; x_wconf 84' lang='lat' dir='ltr'><strong>Scipionem</strong></span> <span class='ocrx_word' id='word_1_210' title='bbox 241 2069 399 2135; x_wconf 80' lang='lat' dir='ltr'><strong>effecerint,</strong></span> <span class='ocrx_word' id='word_1_211' title='bbox 417 2071 477 2123; x_wconf 82' lang='lat' dir='ltr'><strong>aine</strong></span> <span class='ocrx_word' id='word_1_212' title='bbox 487 2070 609 2122; x_wconf 76' lang='lat' dir='ltr'><strong>lacrimis</strong></span> <span class='ocrx_word' id='word_1_213' title='bbox 619 2084 673 2121; x_wconf 88' lang='lat' dir='ltr'><strong>non</strong></span> <span class='ocrx_word' id='word_1_214' title='bbox 684 2084 755 2137; x_wconf 83' lang='lat' dir='ltr'><strong>queo</strong></span> <span class='ocrx_word' id='word_1_215' title='bbox 766 2067 839 2121; x_wconf 84' lang='lat' dir='ltr'><strong>dicc-</strong></span> 
     </span>
    </p>
   </div>
   <div class='ocr_carea' id='block_1_3' title="bbox 27 2138 977 2208">
    <p class='ocr_par' dir='ltr' id='par_1_3' title="bbox 27 2138 977 2208">
     <span class='ocr_line' id='line_1_29' title="bbox 27 2138 977 2208; baseline -0.003 -18"><span class='ocrx_word' id='word_1_216' title='bbox 27 2151 69 2190; x_wconf 81' lang='lat' dir='ltr'><strong>rc.</strong></span> <span class='ocrx_word' id='word_1_217' title='bbox 97 2138 172 2190; x_wconf 83' lang='lat' dir='ltr'><strong>Naar</strong></span> <span class='ocrx_word' id='word_1_218' title='bbox 182 2140 336 2192; x_wconf 82' lang='lat' dir='ltr'><strong>Carbonem</strong></span> <span class='ocrx_word' id='word_1_219' title='bbox 348 2155 459 2208; x_wconf 86' lang='lat' dir='ltr'><strong>quoquo</strong></span> <span class='ocrx_word' id='word_1_220' title='bbox 469 2139 553 2192; x_wconf 86' lang='lat' dir='ltr'><strong>modo</strong></span> <span class='ocrx_word' id='word_1_221' title='bbox 565 2139 712 2207; x_wconf 77' lang='lat' dir='ltr'><strong>potuimus,</strong></span> <span class='ocrx_word' id='word_1_222' title='bbox 722 2144 839 2206; x_wconf 83' lang='lat' dir='ltr'><strong>propter</strong></span> <span class='ocrx_word' id='word_1_223' title='bbox 866 2199 877 2208; x_wconf 62' lang='lat'><strong>.,</strong></span> <span class='ocrx_word' id='word_1_224' title='bbox 971 2157 977 2172; x_wconf 94' lang='lat'><strong>·</strong></span> 
     </span>
    </p>
   </div>
   <div class='ocr_carea' id='block_1_4' title="bbox 27 2205 893 2821">
    <p class='ocr_par' dir='ltr' id='par_1_4' title="bbox 27 2205 893 2821">
     <span class='ocr_line' id='line_1_30' title="bbox 27 2205 839 2276; baseline -0.001 -18"><span class='ocrx_word' id='word_1_225' title='bbox 27 2212 171 2258; x_wconf 82' lang='lat' dir='ltr'><strong>recentem</strong></span> <span class='ocrx_word' id='word_1_226' title='bbox 188 2223 305 2275; x_wconf 86' lang='lat' dir='ltr'><strong>poenam</strong></span> <span class='ocrx_word' id='word_1_227' title='bbox 317 2210 362 2263; x_wconf 87' lang='lat' dir='ltr'><strong>Ti.</strong></span> <span class='ocrx_word' id='word_1_228' title='bbox 373 2207 512 2276; x_wconf 86' lang='lat' dir='ltr'><strong>Gracchi,</strong></span> <span class='ocrx_word' id='word_1_229' title='bbox 524 2209 717 2261; x_wconf 79' lang='lat' dir='ltr'><strong>sustinuimus.</strong></span> <span class='ocrx_word' id='word_1_230' title='bbox 752 2206 796 2258; x_wconf 88' lang='lat' dir='ltr'><strong>Dc</strong></span> <span class='ocrx_word' id='word_1_231' title='bbox 808 2205 839 2256; x_wconf 77' lang='lat' dir='ltr'><strong>C.</strong></span> 
     </span>
     <span class='ocr_line' id='line_1_31' title="bbox 28 2274 874 2347; baseline -0.001 -21"><span class='ocrx_word' id='word_1_232' title='bbox 28 2274 152 2328; x_wconf 84' lang='lat' dir='ltr'><strong>Gracchi</strong></span> <span class='ocrx_word' id='word_1_233' title='bbox 162 2284 255 2332; x_wconf 88' lang='lat' dir='ltr'><strong>autem</strong></span> <span class='ocrx_word' id='word_1_234' title='bbox 267 2278 424 2331; x_wconf 84' lang='lat' dir='ltr'><strong>Tribunatu</strong></span> <span class='ocrx_word' id='word_1_235' title='bbox 435 2279 502 2347; x_wconf 87' lang='lat' dir='ltr'><strong>quid</strong></span> <span class='ocrx_word' id='word_1_236' title='bbox 512 2284 680 2346; x_wconf 76' lang='lat' dir='ltr'><strong>exspectem,</strong></span> <span class='ocrx_word' id='word_1_237' title='bbox 700 2291 755 2328; x_wconf 89' lang='lat' dir='ltr'><strong>non</strong></span> <span class='ocrx_word' id='word_1_238' title='bbox 766 2274 840 2326; x_wconf 81' lang='lat' dir='ltr'><strong>libet</strong></span> <span class='ocrx_word' id='word_1_239' title='bbox 869 2337 874 2341; x_wconf 34' lang='grc'><strong>,</strong></span> 
     </span>
     <span class='ocr_line' id='line_1_32' title="bbox 27 2343 840 2415; baseline -0.005 -18"><span class='ocrx_word' id='word_1_240' title='bbox 27 2347 175 2413; x_wconf 83' lang='lat' dir='ltr'><strong>augurari.</strong></span> <span class='ocrx_word' id='word_1_241' title='bbox 195 2347 287 2414; x_wconf 84' lang='lat' dir='ltr'><strong>Serpit</strong></span> <span class='ocrx_word' id='word_1_242' title='bbox 298 2349 467 2402; x_wconf 80' lang='lat' dir='ltr'><strong>deluderes:</strong></span> <span class='ocrx_word' id='word_1_243' title='bbox 488 2363 560 2415; x_wconf 85' lang='lat' dir='ltr'><strong>quac</strong></span> <span class='ocrx_word' id='word_1_244' title='bbox 570 2345 720 2415; x_wconf 76' lang='lat' dir='ltr'><strong>proclivius</strong></span> <span class='ocrx_word' id='word_1_245' title='bbox 731 2343 767 2397; x_wconf 85' lang='lat' dir='ltr'><strong>ad</strong></span> <span class='ocrx_word' id='word_1_246' title='bbox 778 2356 840 2409; x_wconf 90' lang='lat' dir='ltr'><strong>per·</strong></span> 
     </span>
     <span class='ocr_line' id='line_1_33' title="bbox 27 2412 841 2485; baseline -0.002 -20"><span class='ocrx_word' id='word_1_247' title='bbox 27 2415 140 2478; x_wconf 78' lang='lat' dir='ltr'><strong>niciam,</strong></span> <span class='ocrx_word' id='word_1_248' title='bbox 150 2432 234 2483; x_wconf 90' lang='lat' dir='ltr'><strong>quum</strong></span> <span class='ocrx_word' id='word_1_249' title='bbox 246 2418 333 2470; x_wconf 75' lang='lat' dir='ltr'><strong>semel</strong></span> <span class='ocrx_word' id='word_1_250' title='bbox 343 2417 446 2485; x_wconf 89' lang='lat' dir='ltr'><strong>coepit,</strong></span> <span class='ocrx_word' id='word_1_251' title='bbox 465 2417 579 2470; x_wconf 87' lang='lat' dir='ltr'><strong>labitur.</strong></span> <span class='ocrx_word' id='word_1_252' title='bbox 615 2414 737 2474; x_wconf 72' lang='lat' dir='ltr'><strong>Videtis,</strong></span> <span class='ocrx_word' id='word_1_253' title='bbox 758 2412 789 2462; x_wconf 87' lang='lat' dir='ltr'><strong>in</strong></span> <span class='ocrx_word' id='word_1_254' title='bbox 798 2415 841 2463; x_wconf 83' lang='lat' dir='ltr'><strong>ta·</strong></span> 
     </span>
     <span class='ocr_line' id='line_1_34' title="bbox 28 2478 841 2554; baseline -0.002 -21"><span class='ocrx_word' id='word_1_255' title='bbox 28 2483 107 2546; x_wconf 84' lang='lat' dir='ltr'><strong>bella</strong></span> <span class='ocrx_word' id='word_1_256' title='bbox 118 2485 178 2536; x_wconf 88' lang='lat' dir='ltr'><strong>iam</strong></span> <span class='ocrx_word' id='word_1_257' title='bbox 189 2494 254 2554; x_wconf 81' lang='lat' dir='ltr'><strong>ante</strong></span> <span class='ocrx_word' id='word_1_258' title='bbox 264 2493 368 2554; x_wconf 87' lang='lat' dir='ltr'><strong>quauta</strong></span> <span class='ocrx_word' id='word_1_259' title='bbox 378 2489 416 2540; x_wconf 78' lang='lat' dir='ltr'><strong>ait</strong></span> <span class='ocrx_word' id='word_1_260' title='bbox 426 2487 504 2540; x_wconf 81' lang='lat' dir='ltr'><strong>lacta</strong></span> <span class='ocrx_word' id='word_1_261' title='bbox 514 2487 601 2546; x_wconf 76' lang='lat' dir='ltr'><strong>labes,</strong></span> <span class='ocrx_word' id='word_1_262' title='bbox 616 2483 706 2551; x_wconf 90' lang='lat' dir='ltr'><strong>primo</strong></span> <span class='ocrx_word' id='word_1_263' title='bbox 719 2478 841 2531; x_wconf 77' lang='lat' dir='ltr'><strong>Gabinia</strong></span> 
     </span>
     <span class='ocr_line' id='line_1_35' title="bbox 27 2547 841 2625; baseline -0.011 -20"><span class='ocrx_word' id='word_1_264' title='bbox 27 2551 101 2621; x_wconf 81' lang='lat' dir='ltr'><strong>lege,</strong></span> <span class='ocrx_word' id='word_1_265' title='bbox 111 2554 227 2607; x_wconf 86' lang='lat' dir='ltr'><strong>biennio</strong></span> <span class='ocrx_word' id='word_1_266' title='bbox 240 2564 332 2609; x_wconf 91' lang='lat' dir='ltr'><strong>autem</strong></span> <span class='ocrx_word' id='word_1_267' title='bbox 343 2564 417 2624; x_wconf 79' lang='lat' dir='ltr'><strong>port,</strong></span> <span class='ocrx_word' id='word_1_268' title='bbox 428 2556 533 2608; x_wconf 78' lang='lat' dir='ltr'><strong>Caesia.</strong></span> <span class='ocrx_word' id='word_1_269' title='bbox 561 2552 665 2605; x_wconf 84' lang='lat' dir='ltr'><strong>Videre</strong></span> <span class='ocrx_word' id='word_1_270' title='bbox 675 2551 731 2600; x_wconf 83' lang='lat' dir='ltr'><strong>ium</strong></span> <span class='ocrx_word' id='word_1_271' title='bbox 741 2547 841 2625; x_wconf 69' lang='lat' dir='ltr'><strong>videor</strong></span> 
     </span>
     <span class='ocr_line' id='line_1_36' title="bbox 28 2615 893 2691; baseline -0.012 -17"><span class='ocrx_word' id='word_1_272' title='bbox 28 2625 167 2691; x_wconf 88' lang='lat' dir='ltr'><strong>populum</strong></span> <span class='ocrx_word' id='word_1_273' title='bbox 179 2642 197 2678; x_wconf 89' lang='lat' dir='ltr'><strong>a</strong></span> <span class='ocrx_word' id='word_1_274' title='bbox 207 2627 311 2679; x_wconf 87' lang='lat' dir='ltr'><strong>Senatu</strong></span> <span class='ocrx_word' id='word_1_275' title='bbox 321 2627 499 2688; x_wconf 78' lang='lat' dir='ltr'><strong>disiunctum,</strong></span> <span class='ocrx_word' id='word_1_276' title='bbox 517 2618 758 2684; x_wconf 79' lang='lat' dir='ltr'><strong>multitudinisquc</strong></span> <span class='ocrx_word' id='word_1_277' title='bbox 769 2615 840 2665; x_wconf 71' lang='lat' dir='ltr'><strong>ar&#39;br·</strong></span> <span class='ocrx_word' id='word_1_278' title='bbox 888 2633 893 2639; x_wconf 93' lang='lat'>·</span> 
     </span>
     <span class='ocr_line' id='line_1_37' title="bbox 28 2681 838 2808; baseline 0.011 -64"><span class='ocrx_word' id='word_1_279' title='bbox 28 2694 84 2745; x_wconf 85' lang='lat' dir='ltr'><strong>trio</strong></span> <span class='ocrx_word' id='word_1_280' title='bbox 96 2709 144 2746; x_wconf 78' lang='lat' dir='ltr'><strong>rcu</strong></span> <span class='ocrx_word' id='word_1_281' title='bbox 155 2697 291 2750; x_wconf 75' lang='lat' dir='ltr'><strong>maximas</strong></span> <span class='ocrx_word' id='word_1_282' title='bbox 302 2698 357 2766; x_wconf 77' lang='lat' dir='ltr'><strong>agi.</strong></span> <span class='ocrx_word' id='word_1_283' title='bbox 384 2696 483 2749; x_wconf 73' lang='lat' dir='ltr'><strong>Plures</strong></span> <span class='ocrx_word' id='word_1_284' title='bbox 493 2694 567 2747; x_wconf 83' lang='lat' dir='ltr'><strong>enim</strong></span> <span class='ocrx_word' id='word_1_285' title='bbox 578 2689 693 2808; x_wconf 44' lang='lat' dir='ltr'><strong>dignene</strong></span> <span class='ocrx_word' id='word_1_286' title='bbox 709 2681 838 2752; x_wconf 59' lang='lat' dir='ltr'><strong>(iuimid&#39;</strong></span> 
     </span>
     <span class='ocr_line' id='line_1_38' title="bbox 64 2766 238 2821; baseline 0.029 -5"><span class='ocrx_word' id='word_1_287' title='bbox 64 2766 127 2817; x_wconf 78' lang='lat' dir='ltr'><strong>th.</strong></span> <span class='ocrx_word' id='word_1_288' title='bbox 140 2768 238 2821; x_wconf 80' lang='lat' dir='ltr'><strong>0r.X.</strong></span> 
     </span>
    </p>
   </div>
   <div class='ocr_carea' id='block_1_5' title="bbox 0 0 1046 3025">
    <p class='ocr_par' dir='ltr' id='par_1_5' title="bbox 0 0 1046 3025">
     <span class='ocr_line' id='line_1_39' title="bbox 0 0 1046 3025; baseline 0 0"><span class='ocrx_word' id='word_1_289' title='bbox 0 0 1046 3025; x_wconf 95' lang='lat' dir='ltr'><strong> </strong></span> 
     </span>
    </p>
   </div>
  </div>
 </body>
</html>
