2084 3025
140 160 228 234 *sei
393 177 450 233 na
470 177 762 234 niuinimona

159 289 252 337 ‚rcritz
261 284 333 345 ‘nee
348 285 451 336 sidant
463 286 531 346 rias,
550 299 606 335 non
616 291 659 337 est
670 284 821 337 divinatio:
842 286 984 354 ortigius

175 352 344 404 divinatio.“
379 356 441 406 Hac
458 356 570 407 ratione
581 361 610 406 ot
620 354 792 422 Chrysippus
802 362 831 408 et
842 356 984 424 Diogenes

177 431 206 476 et
224 423 374 488 Antipater
393 425 491 476 utitur.
527 423 656 476 XXXIX.
673 424 719 476 84.
737 425 812 486 Quid
831 433 874 477 cst
888 426 986 494 igitur,

177 508 226 544 air
236 491 418 545 dubitandum
430 496 477 556 sit,
488 494 556 561 quin
565 495 622 544 sint
632 510 677 554 ea,
699 509 770 561 quae
780 495 928 562 disputavi,
940 511 986 547 re·

56 545 64 564 ’
117 559 119 562 ⁴
175 560 303 613 sissima!
324 560 355 614 Si
370 565 444 615 ratio
455 563 655 626 mecumfacit,
675 562 824 627 sierenta,
842 566 869 615 si
879 564 987 632 populi,

115 673 119 679 .
176 631 350 697 sinationes,
361 629 498 696 siG'raeci,
508 632 534 684 si
544 633 665 695 barbari,
675 633 701 692 si
710 634 829 686 maiores
840 636 926 686 etiam
936 649 986 684 no÷

176 701 237 762 stri,
248 701 272 751 si
282 700 402 770 denique
414 703 467 754 hoc
475 700 587 768 semper
598 703 641 757 ita
649 708 776 770 putatum
787 703 848 755 esti
858 703 902 756 ‘Si
909 718 985 754 sum·

159 808 163 817 ,
176 770 215 821 mi
225 768 400 840 philosophi,
420 773 445 823 si
455 780 574 838 poetae,
593 773 617 822 si
629 773 829 839 sapientissimi
844 774 914 835 riri,
935 772 987 838 qui

176 841 351 909 respublicas
374 844 593 904 constituerunt,
613 843 661 908 qui
679 843 762 899 urbes
783 840 986 894 condiderunt!

141 946 143 951 >
177 925 222 972 au,
237 910 301 962 dum
314 913 422 964 bestiae
433 913 591 978 loquantur,
611 917 819 977 exspectamus3
839 910 986 964 hominum

178 981 369 1033 consentiente
379 983 549 1033 auctoritate
560 981 684 1039 enitenti
694 997 749 1033 non
758 982 869 1037 sumusl

212 1047 255 1102 85.
267 1047 326 1102 Nec
336 1066 402 1102 vero
414 1050 567 1118 quidquam
577 1050 656 1102 aliud
665 1049 791 1114 affertur,
801 1066 850 1103 cur
858 1067 901 1113 ca,
913 1066 988 1118 quac

177 1119 248 1181 dico,
260 1118 404 1171 diuinandi
414 1135 526 1188 genera,
538 1119 615 1171 nulla
624 1121 692 1171 sinti
707 1121 772 1182 nisi,
784 1120 859 1187 quod
870 1121 988 1175 difficile

177 1188 253 1241 dictu
263 1188 382 1252 videtur,
391 1203 463 1256 quae
475 1191 608 1256 cuiusque
618 1189 802 1242 divinationis
812 1192 896 1253 ratio,
912 1206 987 1256 quae

177 1272 276 1309 caussa
290 1258 337 1310 sit.
373 1257 446 1320 Quid
459 1259 533 1312 enim
549 1257 634 1312 habet
649 1257 799 1326 haruspex,
820 1276 869 1312 cur
887 1261 986 1327 pulmo

159 1360 161 1365 ,
176 1326 279 1380 incisus
290 1327 375 1379 etiam
387 1329 508 1380 inbonis
520 1330 594 1381 extis
609 1329 723 1386 dirimat
738 1336 861 1396 tempus,
881 1337 911 1382 ot
922 1345 986 1397 pro-

178 1395 251 1447 iorat
261 1395 351 1448 dieml
371 1397 438 1464 quid
449 1415 547 1466 augur,
566 1415 615 1450 cur
625 1415 643 1450 a
652 1399 752 1457 dextra
761 1413 869 1462 corvus,
890 1416 909 1451 a
918 1400 987 1451 sini·

176 1474 236 1519 stre
245 1467 341 1519 cornix
351 1465 440 1521 faciat
449 1468 557 1523 ratuni‘l
577 1469 643 1536 quid
654 1470 823 1538 astrologus,
839 1484 888 1521 cur
898 1470 987 1523 stella

176 1537 251 1608 loris
262 1545 310 1590 aut
323 1536 440 1592 Veneris
456 1541 606 1592 coniuncta
617 1555 679 1591 oum
688 1540 769 1592 Luna
780 1540 816 1591 ad
828 1547 907 1591 ortus
918 1555 986 1606 pue·

176 1623 271 1660 rorum
283 1608 413 1662 salutaris
424 1609 473 1660 sit:
487 1609 602 1662 Saturni
612 1609 748 1661 Martisve
757 1610 915 1661 contrariat
926 1611 987 1661 Cur

175 1686 269 1730 autem
279 1677 356 1730 Deus
372 1678 543 1731 dormientes
559 1694 610 1730 nos
624 1689 750 1742 moneat,
770 1678 923 1746 vigilantes
936 1694 987 1730 ne⁴

175 1746 284 1815 gligatl
303 1746 379 1818 Quid
389 1748 490 1800 deinde
501 1764 617 1800 caussae
634 1755 690 1810 est,
712 1763 761 1799 cur
772 1748 930 1800 Cassandra
941 1750 989 1800 fn·

94 1874 97 1878 ⁴
174 1833 237 1870 rens
249 1817 344 1868 futura
354 1818 516 1884 prospiciat,
534 1816 661 1869 Priamus
672 1817 782 1884 sapiens
793 1815 846 1869 hoe
855 1818 931 1870 ideni
942 1819 987 1872 fa·

174 1902 237 1942 cere
248 1901 302 1958 non
313 1886 413 1952 queatl
436 1887 480 1939 86.
492 1889 548 1938 Cur
557 1889 607 1938 liat
617 1886 744 1954 quidque,
755 1887 885 1954 quierint
894 1888 988 1939 Recte

138 1971 142 1972 ⁷
174 1956 295 2008 omnino.
334 1953 389 2006 Sed
400 1972 455 2008 non
469 1956 580 2009 nuncid
591 1957 691 2025 agitur.
726 1957 805 2020 Fiat,
824 1972 910 2011 necne
922 1958 985 2020 liat,

173 2025 203 2076 ld
215 2024 367 2092 quaeritur.
405 2025 442 2077 Ut
457 2027 480 2077 si
496 2033 656 2095 magnetem
671 2026 795 2094 lapidem
806 2043 868 2079 esse
878 2027 984 2089 dicam,

122 2143 125 2147 Α
175 2094 222 2162 qui
233 2094 336 2145 ferrum
347 2094 383 2146 ad
393 2111 424 2148 se
436 2091 546 2149 alliciat
560 2103 589 2149 et
601 2095 740 2160 attrahat3
759 2097 914 2165 ratiopcm,
933 2112 987 2148 cur

173 2164 205 2215 id
215 2165 277 2225 fiat,
297 2164 398 2217 afferre
408 2181 560 2233 nequeam·-
571 2166 633 2219 iieri
644 2166 757 2220 omnino
768 2181 862 2233 neges.
898 2165 985 2228 Quod

173 2232 248 2284 idem
258 2233 328 2285 facis
338 2234 368 2285 in
379 2234 565 2289 divinatione:
587 2251 670 2302 quam
680 2242 708 2288 et
719 2237 857 2289 cernimus
868 2237 932 2304 ipsi,
954 2244 987 2290 ct

174 2301 308 2365 audimus,
320 2311 348 2355 et
358 2304 486 2370 legimus,
497 2312 527 2358 ot
540 2322 557 2357 a
567 2307 694 2372 patribus
706 2306 880 2373 accepimus:
893 2314 984 2373 neque

173 2379 239 2423 ante
254 2371 460 2439 philosophiam
474 2373 661 2440 patefactam,
681 2391 752 2441 quae
767 2390 853 2443 nuper
867 2377 997 2428 inventa·

173 2447 231 2503 rat,
251 2440 303 2493 hac
318 2442 354 2493 de
369 2458 400 2493 re
414 2444 568 2495 communis
584 2447 643 2496 vita
658 2445 809 2497 dubitavitt
832 2452 985 2513 etpostea,

173 2526 254 2577 quam
265 2510 445 2579 philosophia
455 2514 600 2579 prooessit,
611 2529 691 2566 nemo
703 2514 787 2566 aliter
795 2514 986 2581 philosophus

130 2583 132 2588 ⁴
172 2582 276 2644 sensit,
297 2583 327 2633 iu
344 2596 397 2649 quo
412 2582 497 2634 niodo
514 2589 589 2637 esset
604 2584 769 2637 auotoritas.
803 2586 849 2637 st.
868 2584 987 2638 Dixido

173 2643 344 2720 Pythagora,
357 2650 392 2702 de
402 2651 575 2715 Democrito,
587 2653 621 2704 dc
630 2653 759 2706 Socrate:
780 2656 879 2720 excepi
891 2655 927 2708 dc
938 2667 1005 2707 aa*

152 2716 269 2785 tiquis,
284 2729 397 2788 praetor
407 2721 621 2790 Xenophanem,
639 2724 789 2792 nenduemz
810 2724 930 2796 adiunxi
940 2717 985 2778 ve
