2084 3025
211 133 231 187 d
392 133 448 188 DE
465 130 637 188 Narona
654 129 835 185 DEORUM

214 250 301 304 paene
315 235 470 289 rideantur.
507 238 612 289 Contra
626 251 695 303 quos
706 232 863 287 Carneades
875 232 919 284 ita
927 231 1030 287 multa.

16 297 25 308 ’
126 339 134 345 2
214 305 359 366 disseruit,
378 311 409 355 ut
421 309 555 357 excitaret
566 304 692 357 homines
702 319 759 355 non
773 303 904 356 socordes
916 303 1022 355 adseri

214 373 402 441 investigandi
413 375 603 440 cupiditatem.
639 372 665 427 d.
676 374 731 426 Res
743 375 814 426 enim
825 373 902 424 nulla
912 378 964 435 est,
984 372 1030 426 do

188 449 194 460 ¹
215 458 269 512 qua
280 449 425 510 tantopere
434 460 490 494 non
500 443 590 494 solum
601 444 717 506 indocti,
728 443 872 494 sedetiam
883 441 961 493 docti
966 442 1030 493 dis-1

215 513 345 563 sentiant.
384 514 507 575 Quorum
523 514 666 579 opiniones
682 528 764 580 quum
781 519 839 563 tam
854 512 948 563 variae
963 514 1021 562 sint

215 588 328 648 tamque
343 583 415 632 inter
427 598 459 634 se
476 583 654 635 dissidentes:
669 583 794 634 'alterum
815 582 877 633 fieri
891 580 1020 648 profecto

111 641 137 682 ’Χ
216 655 318 718 potest,
333 656 366 701 ut
374 665 470 702 earum
481 652 572 715 nulla3
588 653 706 705 alterum
720 658 795 714 certe
806 666 860 703 non
869 656 972 717 potest,
989 655 1022 701 ut

215 720 279 787 plus
290 734 422 771 unsvcra
436 722 481 772 sit.
516 722 563 773 Ill.
583 722 645 784 Qua
655 721 766 789 quidem
782 721 812 771 in
826 736 924 772 caussa
934 720 1022 772 etho

215 790 331 842 nerolos
343 789 538 858 obiurgatores
549 792 669 859 placare,
691 796 719 843 et
730 790 838 842 invidos
847 790 1022 856 vituperato·

215 874 260 913 res
282 858 427 912 confutare
447 875 606 927 possumus,
631 868 663 913 nt
684 862 789 913 alteros
808 857 1023 927 reprehendisse

215 929 371 997 poeniteat,
391 929 474 981 alteri
496 931 627 983 didicisse
646 946 677 982 se
697 930 845 998 gaudeant.
881 927 954 979 Nam
970 929 1022 996 qui

217 998 368 1050 admonent
378 1003 475 1063 amice,
486 999 602 1050 docendi
613 1005 689 1050 sunt:
703 1001 749 1066 qui
761 1000 873 1050 inimice
883 995 1023 1049 insectan-

215 1073 276 1129 tur,
294 1068 457 1133 repellendi.
492 1069 518 1120 d
533 1068 655 1119 Multum
666 1075 757 1119 autem
768 1066 882 1136 fluxisse
891 1067 976 1120 rideo
988 1067 1031 1120 ds¹

215 1136 295 1189 libris
311 1137 429 1200 nostris,
451 1151 520 1203 quos
536 1138 691 1204 complures
706 1137 783 1189 brevi
798 1144 924 1204 tempore
934 1137 1023 1189 edidi·

216 1208 459 1273 mmrariumque
469 1221 634 1269 sermonem,
644 1209 746 1275 partim
758 1204 964 1270 admirantium,
974 1222 1023 1258 un·

217 1275 252 1327 dc
261 1273 315 1327 hoc
326 1274 547 1341 philosophandi
561 1278 641 1328 nobis
657 1278 749 1329 subito
767 1276 889 1328 studium
900 1277 1025 1328 exstitis·

217 1350 270 1405 set,
280 1346 392 1410 spientim,
403 1345 468 1412 quid
480 1360 588 1413 quaque
599 1346 672 1398 dere
684 1347 754 1400 certi
764 1346 1023 1407 haberemus,scirs

218 1413 396 1479 mpimitium.
423 1414 522 1466 Multis
534 1416 619 1467 etiam
629 1416 701 1468 sensi
713 1416 840 1468 mirabile
850 1415 948 1477 rideri,
961 1431 1023 1468 eam

217 1482 299 1536 nohis
310 1485 484 1551 potissimum
494 1486 640 1554 probatam
654 1501 715 1538 esse
726 1484 939 1554 philosophiam,
951 1491 1024 1553 quae

218 1553 309 1606 lucem
320 1556 453 1622 eriperet,
475 1562 504 1607 et
514 1558 593 1624 quasi
603 1563 712 1609 noctem
723 1555 871 1626 quamdam
887 1557 973 1606 rehus
985 1556 1032 1608 oh

217 1615 356 1688 (finderet,
375 1624 558 1694 desertaeque
569 1627 741 1694 disciplinae,
756 1633 784 1678 ot
794 1624 971 1692 iampridem
983 1640 1025 1678 re·

216 1693 312 1756 lictae,
328 1697 516 1759 patrocinium
527 1712 578 1748 nec
588 1699 760 1761 opinatuma
769 1696 848 1747 nobis
859 1710 920 1744 csse
930 1708 1025 1747 susco-

217 1766 303 1828 ptum.
326 1762 385 1814 Nos
395 1770 488 1816 autem
499 1779 551 1815 nec
559 1765 653 1815 subito
666 1764 804 1828 coepimus
814 1761 1023 1827 philosophari:

193 1835 196 1839 ’
217 1844 269 1881 nec
278 1828 447 1882 erminonem
457 1833 575 1896 aprime
586 1837 713 1896 tempore
729 1830 831 1880 aetatis
841 1830 871 1879 in
882 1830 915 1881 eo
927 1832 1024 1884 studio

217 1912 330 1965 opernm
340 1913 489 1964 curamque
499 1902 734 1964 consumpsimusr
754 1904 795 1961 et,
816 1913 898 1965 quum
909 1899 1025 1954 minime

215 1966 387 2029 videbamur,
398 1974 457 2018 tum
471 1968 591 2019 maxime
602 1967 875 2034 philosophabamur.
900 1967 985 2028 Quod
996 1975 1025 2022 et

217 2036 360 2089 orationes
371 2036 525 2098 declarant,
543 2036 664 2089 refertae
674 2036 903 2103 philosophorum
913 2044 1025 2090 senteu-

218 2108 274 2168 tiis‚
294 2111 323 2157 et
333 2103 559 2157 doctissimorum
571 2104 712 2157 hominum
724 2106 946 2168 familiaritates,
965 2109 1025 2174 qui·

217 2175 269 2226 bus
291 2189 400 2242 semper
420 2175 517 2226 donius
532 2182 629 2228 nostra
644 2174 754 2227 floruit:
775 2183 803 2228 et
817 2177 955 2257 principes
972 2178 1025 2241 illi,

216 2243 364 2307 Diodotus,
374 2244 465 2307 Philo,
474 2245 638 2310 Antiochus,
653 2244 830 2308 Posidonius,
845 2246 972 2312 aquibus
982 2247 1026 2297 in·

217 2313 309 2363 stituti
319 2328 422 2366 sumus.
458 2315 483 2367 7.
495 2314 544 2377 Et,
562 2315 692 2368 si'omnia
702 2313 896 2383 philosophiae
909 2328 1025 2381 praece·

203 2389 266 2450 *pta
276 2381 434 2435 rolennitur
448 2383 484 2435 ad
495 2385 598 2448 ritam,
618 2386 788 2437 arbitramur
801 2389 891 2436 nos-et
902 2382 1026 2450 puhlicis

218 2459 246 2504 ct
256 2452 374 2518 privatis
383 2454 413 2504 in
423 2453 505 2506 rebus
516 2470 551 2506 ca
563 2456 750 2523 praestitisse,
770 2470 840 2523 quac
847 2454 923 2505 ratio
935 2457 965 2504 et
975 2451 1026 2505 do·

218 2521 308 2573 ctrina
321 2524 541 2591 praescripserit.
578 2523 625 2578 Ν.
644 2524 693 2578 Sin
711 2535 803 2578 autem
819 2525 880 2592 quis
895 2521 1026 2589 requirit,

218 2605 289 2658 quae
301 2607 400 2644 caussa
414 2609 464 2645 nos
474 2594 628 2662 impulerit,
648 2602 681 2647 ut
692 2594 764 2648 haee
773 2602 831 2646 tam
843 2607 905 2645 sero
917 2591 1025 2645 litteris

218 2660 421 2728 mandaremus,
430 2664 501 2718 nihil
512 2673 564 2731 est,
576 2665 651 2733 quod
661 2665 793 2734 expedire
802 2670 862 2716 tam
873 2661 1026 2730 lacilepos·
