2084 3025
236 166 316 221 urs.
333 167 354 219 1.
393 167 477 221 cnr.
496 168 539 221 ao.
557 167 600 221 ao.
749 128 828 225 'scs

37 272 145 326 lurebus
160 271 522 340 longinquanbserratione
532 273 723 327 incredibilem
741 274 827 326 scien·

13 350 14 413 f
36 345 110 396 tiamz
128 359 195 410 quae
206 349 371 411 potestesse
382 344 467 395 etiam
478 343 537 395 siue
548 352 626 395 motu
637 352 720 411 atque
731 343 828 411 impul·

13 420 15 463 ἐ
36 414 198 475 su·De0rum‚
221 427 313 480 quum,
334 412 446 478 quidex
458 422 566 479 (proque
579 414 702 475 eveniat,
723 412 828 481 etquid

37 498 229 550 quamque-rem
238 482 389 548 significet,
408 484 506 534 erebra
517 483 756 535 aninsadsersione
768 499 827 550 per·

37 558 148 618 spectum
160 559 210 604 est.
245 549 307 602 110.
323 542 423 603 'Altera
432 552 621 605 diriuatio'est
632 554 774 617 naturalis,
797 560 828 606 ut

37 628 93 673 ante
103 621 172 672 disi:
194 635 264 688 quac
275 621 399 690 physica
413 621 574 689 disputandi
588 623 744 675 subtilitate
753 623 828 676 refe·

37 692 112 742 remla
123 691 209 743 estad
220 697 346 742 naturam
357 692 493 744 Deorum:
509 707 527 742 a
537 707 599 758 qua,
615 699 645 743 ut
658 692 827 743 doctissimis

37 761 296 827 sapientissimisque
306 761 420 827 placuit,
440 760 556 813 haustos
567 761 673 812 animos
685 769 713 811 et
725 761 829 813 libatos

33 826 169 881 habemns:
192 845 328 898 quumque
344 831 437 881 omnia
452 830 594 896 completa
609 837 637 883 et
653 829 758 883 referta
773 832 830 881 sint

37 907 141 953 aeterno
151 915 235 950 sensu
246 906 274 950 et
286 906 377 952 mente
389 899 492 962 divina,
509 916 621 953 necesse
633 906 676 952 est
689 901 830 966 cognatio·

34 983 66 1020 nc
75 969 228 1028 divinornm
240 972 393 1021 animorum
410 971 518 1021 animos
531 968 665 1021 humanos
677 984 830 1020 commore-

13 1074 15 1079 ,
35 1037 65 1089 ri.
96 1037 149 1090 Sed
169 1038 318 1106 vigilantes
338 1040 424 1091 animi
444 1040 521 1092 uitae
541 1039 755 1103 necessitatibus
775 1054 831 1092 ser·

37 1107 116 1170 siunt,
136 1107 351 1176 disiunguntque
365 1125 396 1160 se
412 1125 429 1161 a
445 1110 585 1163 societate
604 1110 710 1172 divina,
730 1110 830 1165 sinclis

37 1178 152 1243 corporis
166 1177 304 1243 impediti.
339 1175 401 1229 111.
413 1179 520 1230 Rarum
536 1187 579 1232 est
612 1180 731 1231 uoddam
742 1194 831 1247 genus

13 1240 18 1285 l
35 1260 130 1309 eorum,
141 1248 190 1314 qni
200 1263 230 1299 se
240 1263 257 1297 a
268 1261 385 1315 corpore
396 1254 522 1312 avocent,
535 1258 563 1302 et
573 1197 610 1302 3³
619 1250 776 1314 &surarum
789 1264 832 1301 re·

35 1328 92 1365 rum
104 1316 296 1382 cognitionem
316 1332 389 1369 cura
406 1320 486 1369 omni
509 1318 659 1387 studioque
678 1319 831 1387 rapiantur.

33 1383 133 1435 Horum
143 1392 209 1436 sunt
220 1387 337 1452 auguria
348 1402 402 1438 non
413 1387 500 1439 divini
509 1389 639 1456 impetus,
655 1388 704 1439 sed
717 1387 832 1439 rationis

32 1451 169 1507 humanae.
198 1455 278 1506 Nam
300 1465 328 1508 st
347 1464 449 1508 natura
463 1457 559 1511 futura
577 1459 781 1527 praesentiunt,
801 1464 833 1507 ut

28 1540 160 1592 aquarum
180 1523 317 1579 fluxiones
338 1533 367 1579 et
386 1527 616 1597 deflagrationem
633 1525 761 1579 futuram
780 1526 832 1578 ali·

33 1595 136 1662 quando
153 1595 225 1647 caeli
243 1603 325 1663 atque
335 1603 482 1650 terrarum.
519 1600 693 1659 sitientem,
712 1597 743 1647 in
753 1611 833 1663 repu-

29 1664 100 1716 lrlica
110 1666 271 1730 exercitati,
290 1672 320 1718 ut
331 1667 365 1718 tle
375 1667 541 1721 Atheniensi
551 1667 655 1721 Solone
666 1667 834 1734 accepimus,

27 1735 161 1787 orientem
176 1735 355 1803 tyrannidem
370 1738 462 1790 smulto
477 1744 542 1791 ante
552 1737 744 1806 prospiciunt3
763 1751 833 1805 quos

29 1804 176 1869 prudentes
183 1819 334 1872 possumus
345 1806 447 1870 dicere,
464 1807 561 1870 idest,
577 1807 772 1875 procidentem
794 1805 834 1857 di·

30 1874 102 1924 sinos
119 1874 295 1926 nullomodo
312 1890 472 1942 possumus,
492 1893 552 1929 non
562 1879 638 1946 plus,
659 1893 744 1945 quam
753 1874 834 1929 stile·

31 1941 94 1993 sirm
104 1942 232 2007 Thaletis,
249 1945 305 2012 qui,
321 1952 352 1997 ut
363 1944 558 2015 obiurgatores
570 1963 636 1999 suos
647 1947 832 2008 convinceret,

29 2013 248 2081 ostenderetque,
269 2015 351 2066 etiam
362 2014 566 2085 philosophum,
587 2013 833 2072 sieieommodum
902 2061 904 2066 ,

30 2088 110 2146 esset,
127 2084 384 2151 pecnniam'facere
394 2102 490 2154 posse,
509 2101 618 2140 omnem
629 2088 735 2149 oleam,
758 2092 834 2138 ante·

30 2165 107 2217 quam
115 2151 220 2206 florere
232 2155 378 2222 coepisset,
399 2158 428 2207 in
439 2170 507 2224 agro
516 2155 633 2209 Milesio
641 2157 781 2209 coemisse
793 2155 833 2206 di·

29 2221 102 2274 citur.
150 2223 397 2278 Animadverterat
416 2225 543 2278 vTim-tasse
566 2225 686 2294 quadam
706 2226 833 2285 scientie,

30 2290 152 2345 olearum
171 2296 330 2348 ubertatem
343 2291 418 2348 ¹lore
438 2297 440 2300 ’
454 2294 487 2347 L.
507 2292 566 2349 112
579 2297 616 2347 rr
632 2295 742 2363 quidem
757 2294 833 2346 idem

29 2362 132 2428 snmus,
142 2361 330 2417 defectionem
342 2365 419 2427 solis,
432 2379 502 2433 quae
511 2365 636 2434 Astyage
646 2370 781 2432 regnante
792 2361 833 2413 fa·

29 2437 68 2483 cta
78 2439 134 2496 est‚‘
143 2434 320 2499 praedixisse
327 2432 428 2486 tersus.
456 2435 550 2487 Multa
560 2434 671 2494 medici,
687 2433 776 2483 multa
785 2444 834 2496 gu·

28 2494 199 2565 imatores,
217 2504 359 2571 agricolae
370 2506 454 2556 etiam
463 2503 554 2556 multa
565 2501 768 2572 praesentiunt:
785 2495 835 2546 sed

25 2570 130 2622 nullam
149 2587 247 2623 eorum
266 2573 467 2627 divinationem
478 2589 563 2638 voco,
582 2589 617 2624 ne
627 2571 706 2632 illam
717 2564 836 2644 quidem!

24 2653 76 2706 qua
97 2642 134 2693 ab
145 2642 355 2695 Anaximandro
372 2642 488 2711 physico
504 2642 607 2695 moniti
621 2635 836 2715 Lacedaemonii

22 2718 94 2773 sunt,
105 2719 140 2762 ut
152 2712 251 2765 urbem
262 2720 290 2766 et
300 2719 377 2766 tecta
385 2713 553 2782 linquerent,
564 2708 720 2829 onustumque
729 2718 757 2752 m
769 2715 833 2767 agre

54 2782 108 2832 Cre
128 2783 242 2834 0r.lX.
539 2781 555 2792 ”
707 2791 711 2796 ¹
