2084 3025
211 125 230 179 d
391 126 447 181 DE
464 123 636 182 NATURA
653 121 834 177 DEORUM

213 242 300 297 paene
314 228 468 281 rideantur.
506 231 611 280 Contra
625 243 694 295 quos
705 225 862 279 carneades
873 224 917 276 ite
926 223 1035 280 multa.

11 295 23 304 '
125 333 131 337 ·
214 298 358 360 disseruit,
376 304 408 348 ut
419 300 554 350 excitaret
565 297 691 349 homines
701 312 758 347 non
771 295 903 347 socordes
914 295 950 346 ad
958 297 1025 347 veri

212 367 400 434 investigandi
412 368 602 432 cupiditatem.
637 364 664 420 5.
675 367 730 417 Res
741 367 813 416 enim
824 365 901 416 nulle
911 371 962 427 cst,
982 364 1023 418 de

187 443 193 454 ¹
214 452 268 504 qua
279 441 424 501 tantopere
433 452 489 487 non
498 436 589 486 solum
600 436 716 497 indocti,
727 436 777 487 sed
787 437 871 486 mium
881 434 958 485 docti
964 433 1023 485 dis·
1033 467 1035 471 -

214 506 344 556 sentient.
383 507 506 568 Quorum
521 506 666 571 opiniones
680 520 763 573 quum
780 511 838 556 tom
853 504 946 555 variae
961 505 1023 554 sint

214 582 327 641 tamque
342 576 415 625 inter
426 591 458 626 sc
474 574 653 627 dissidentes:
668 576 793 627 'alterum
814 574 876 625 lieri
890 571 1022 640 profecto

110 634 136 676 's
215 649 317 711 potest,
331 649 364 693 ut
374 658 468 695 cerum
480 643 571 707 nulla3
587 645 705 696 alterum
715 650 794 705 vcerte
804 658 859 695 noo
868 648 970 709 potest,
986 647 1024 693 ut

214 714 278 780 plus
289 727 345 763 una
354 727 421 764 vere
435 714 480 764 sit.
515 715 562 766 ΙΙΙ.
582 714 644 775 Qua
653 714 766 782 quidem
781 713 811 762 in
825 729 923 764 caussa
933 717 962 764 et
971 711 1024 763 be·

214 782 330 836 nevolos
341 782 536 851 obiurgatores
548 785 668 851 placere,
690 790 719 835 et
729 782 837 835 invidos
846 781 1023 849 vituperato·

214 868 259 906 res
281 851 426 905 confutare
446 868 605 919 possumus,
630 861 662 906 ut
683 854 788 905 alteros
807 850 1023 919 reprehendisse

214 922 370 990 poeniteat,
390 922 473 975 elteri
494 923 626 976 didicisse
646 940 676 975 sc
696 923 844 989 gaudeant.
879 920 953 971 Nam
969 921 1022 987 qui

215 991 367 1043 admonent
377 996 474 1056 amice,
484 991 600 1044 docendi
612 998 689 1043 sunt:
702 994 748 1058 qui
760 991 872 1041 inimice
883 986 1024 1041 insectan-

214 1066 275 1122 tur,
293 1061 456 1126 repellendi.
491 1062 516 1113 6.
532 1060 654 1111 Multum
665 1066 757 1112 eutem
767 1058 881 1128 fluxisse
890 1058 973 1110 video
985 1058 1036 1112 del

215 1129 294 1182 libris
310 1130 428 1192 nostris,
450 1143 518 1196 quos
535 1130 690 1196 complures
705 1129 783 1180 hreri
797 1125 1037 1195 temporeedidi0'

216 1215 286 1261 mus,
296 1200 457 1265 variumque
468 1213 633 1261 sermonem,
643 1201 745 1266 partim
757 1197 961 1261 admirantium,
971 1212 1036 1250 tin-2

217 1268 251 1320 de
261 1266 315 1320 hoe
325 1267 546 1334 philosophandi
560 1270 641 1320 nobis
656 1270 748 1320 subito
765 1268 887 1319 studium
900 1267 1036 1319 exstitisss

217 1343 269 1398 sct,
279 1339 391 1402 partim,
402 1337 466 1404 quid
478 1352 587 1404 queque
597 1338 671 1390 dere
683 1339 753 1393 certi
763 1337 1023 1399 haberemus,.scire
1035 1339 1036 1358 ³

218 1405 395 1471 cupientium.
422 1406 521 1458 Multis
533 1408 618 1459 etiem
628 1408 702 1459 sensi
712 1408 839 1460 mirabile
849 1407 947 1469 rideri,
959 1421 1022 1459 cam

216 1475 299 1528 nobis
309 1477 483 1543 potissimum
493 1478 639 1546 probatem
653 1492 714 1530 esse
725 1476 938 1545 philosophiam,
950 1480 1022 1544 qu'ae
1035 1516 1037 1553 ,

217 1546 308 1599 lucem
319 1549 452 1614 eriperet,
474 1553 502 1599 et
513 1550 592 1616 quasi
602 1556 711 1600 noctem
723 1548 870 1618 quamdam
886 1549 970 1599 rehus
981 1546 1021 1598 of·
1036 1558 1037 1591 1

216 1609 355 1681 funderet,
375 1616 557 1686 desertaeque
567 1619 739 1685 disciplinae,
756 1618 849 1670 etiam
858 1616 968 1684 pridem
978 1630 1022 1668 re·
1036 1612 1037 1657 i

216 1686 311 1748 lictae,
327 1688 515 1752 patrocinium
527 1703 577 1740 nec
588 1690 732 1753 opinatum
742 1703 759 1738 a
769 1689 847 1738 nobis
858 1698 918 1737 esse
929 1699 1022 1736 susce·

216 1760 303 1821 ptum.
326 1755 384 1807 Nos
394 1762 487 1807 autem
498 1757 652 1807 necsubito
664 1756 804 1820 coepimus
814 1753 1020 1819 philosophari:

193 1828 196 1833 ’
217 1837 269 1874 nec
277 1821 446 1874 mediocrem
457 1826 574 1889 aprime
585 1830 712 1890 tempore
728 1823 830 1874 aetatis
840 1823 870 1871 in
882 1822 914 1872 eo
926 1821 1020 1874 studio
1036 1846 1037 1849 ¹

216 1905 329 1958 operam
340 1906 488 1957 curemque
499 1895 733 1957 consumpsimus:
753 1898 794 1952 et,
815 1905 897 1956 quum
908 1889 1021 1943 minime

213 1960 386 2023 videbamur,
397 1967 457 2011 tum
470 1962 590 2012 maxime
601 1959 874 2026 philosophabamur.
899 1958 981 2021 Quod
992 1965 1021 2011 et
1036 2004 1037 2010 ,

217 2030 359 2082 ustiones
371 2030 524 2091 declarant,
543 2029 663 2081 refertae
673 2027 903 2095 philosophorum
912 2034 1020 2080 senten-

217 2102 274 2162 tiis,
293 2099 558 2151 &doctissimorum
571 2096 711 2149 hominum
723 2097 945 2160 familiaritates,
964 2097 1020 2164 qui·

216 2169 268 2219 hus
290 2183 400 2235 semper
419 2168 516 2219 donrus
531 2174 629 2219 nostra
643 2165 753 2219 floruit:
774 2174 802 2219 et
817 2168 954 2234 principes
969 2166 1020 2229 illi,

215 2235 363 2300 Diodotus,
374 2237 464 2300 Philo,
473 2236 637 2300 Antiochus,
652 2235 829 2300 Posidonius,
845 2253 862 2288 a
872 2237 970 2305 quibus
979 2236 1020 2287 in·

216 2306 309 2357 stituti
318 2321 421 2359 sumus.
457 2307 483 2358 7.
494 2306 544 2370 Et,
562 2307 589 2358 si
595 2307 692 2358 'omnia
702 2304 896 2375 philosophiae
907 2319 1020 2372 praece·

202 2381 265 2442 ”pta
274 2374 433 2428 rctcnmtur
447 2376 598 2440 advitam,
618 2378 787 2430 arbitramur
801 2392 851 2428 nos
858 2381 891 2427 et
901 2373 1020 2442 publicis

217 2450 246 2497 et
255 2444 373 2510 privatis
382 2446 412 2496 iu
422 2446 505 2497 relius
516 2463 550 2499 ee
563 2448 750 2516 praestitisse,
770 2446 923 2515 quaeratis
935 2448 963 2496 ct
973 2441 1019 2494 do·

217 2513 307 2565 ctrina
321 2516 541 2583 praescripserit.
578 2516 625 2571 tv.
644 2516 692 2569 Sio
710 2527 803 2569 autem
818 2516 879 2582 quis
894 2512 1020 2580 requirit,

217 2597 288 2649 quoe
301 2599 399 2637 ceusm
413 2602 463 2638 nos
473 2587 627 2655 impulerit,
646 2590 680 2638 ut
691 2586 764 2637 haec
773 2591 831 2637 tam
843 2598 905 2636 sero
916 2582 1019 2634 litteris

218 2653 421 2720 mundaremus,
430 2656 501 2711 nihil
512 2665 564 2724 est,
576 2657 650 2725 qood
661 2655 792 2724 expedire
802 2660 861 2706 tam
872 2651 1019 2720 fecilepos·
