2084 3025
220 134 300 191 blo.
318 134 358 191 ΙΙ.
394 133 480 192 ΟΔΡ.
496 134 521 192 1.
536 135 564 192 2.
578 134 605 194 ³.
769 137 826 195 iou

44 242 229 332 nibidpquam,
248 250 281 294 ut
291 240 367 312 apud
377 239 524 297 Platonem
535 240 680 310 Socrates,
699 242 761 315 lpse
773 244 822 298 dn·

44 333 103 370 ero.

70 387 101 438 ll.
118 383 175 436 Hoc
184 395 265 449 quum
276 395 373 433 omnes
383 381 628 450 approbavissent
643 381 726 448 qnod
738 382 823 437 habe-

45 472 85 508 ms
93 455 180 523 igitur,
189 450 288 524 inquit,
300 449 447 505 institutae
457 453 498 505 rei
508 451 638 519 publicae
644 459 704 505 tam
714 452 820 506 clarum

45 532 122 577 ctam
132 520 252 574 omnibus
262 526 360 572 notum
370 521 530 587 exordium,
551 537 632 590 quam
647 520 729 574 huius
745 522 822 575 urbis

43 591 175 646 ondendse
183 588 733 660 principiumprofectumaltomuloiqui
741 598 822 660 petre

43 665 112 716 larte
125 667 215 725 natus3
237 686 270 699 -
281 660 465 713 concedamus
477 661 549 714 enim
566 661 658 716 lamae
669 660 822 726 bantinum,

44 731 181 785 raesertim
190 745 247 782 non
257 730 430 783 inveteratae
440 730 543 794 solum,
555 730 702 783 sedetiam
714 731 823 798 sapien·

43 819 66 856 rr
79 799 250 856 amaioribos
260 799 398 866 proditae,
420 802 490 854 bene
502 800 597 853 meriti
608 800 643 853 de
654 801 737 853 rebus
749 814 823 852 com·

42 872 145 924 mnibus
153 877 184 922 ut
197 884 299 939 genere
311 870 396 922 etiam
410 875 578 937 putarentur
591 886 647 921 non
657 869 748 921 solum
761 884 822 922 esse

42 941 128 1010 rgenio
139 938 244 1004 divin03
255 967 289 978 ·-
306 939 333 991 is
349 939 452 1007 igitur,
469 945 501 992 ut
512 946 594 993 natus
608 939 647 992 sit
657 954 720 991 eom
732 939 820 992 Remo

42 1009 262 1073 ·atro‚dieiturab
267 1008 387 1071 Amulio,
398 1009 475 1077 Rege
480 1010 597 1074 Albano,
604 1010 639 1062 ob
650 1007 823 1061 labefactan-

42 1079 135 1149 iregni
143 1080 271 1131 timorem
282 1077 318 1130 ad
325 1079 451 1132 Tiberim
459 1080 563 1147 exponi
572 1080 666 1132 iussus
677 1094 753 1131 csse:
766 1090 821 1145 quo

41 1176 44 1202 ι
55 1150 119 1203 loco
128 1164 210 1217 quum
221 1153 296 1202 esset
302 1148 442 1203 silvestris
451 1149 564 1202 belluae
574 1156 747 1202 sustentatos
756 1148 823 1199 ube·

41 1223 101 1282 bus,
112 1225 292 1286 pastoresque
304 1233 366 1272 eom
378 1219 559 1278 sustulissent
568 1224 597 1271 et
606 1218 635 1270 in
647 1218 752 1287 agresti
763 1211 823 1269 cnl-

41 1290 206 1355 rlaboreque
216 1287 367 1352 aluissent;
382 1287 555 1355 perhibetur,
565 1294 597 1340 ut
606 1288 771 1350 adoleverit,
792 1292 839 1338 ct·

42 1357 258 1426 ›rporisviribus
276 1363 305 1409 et
323 1359 408 1410 animi
428 1357 579 1411 ferocitate
593 1363 704 1410 tanturn
719 1351 823 1409 ceteris

40 1428 201 1491 raestitissc,
219 1432 251 1480 ut
262 1443 365 1489 omnes,
377 1428 425 1494 qui
435 1434 495 1481 tum
505 1443 555 1482 eos
566 1441 659 1496 agros,
676 1426 725 1478 ubl
737 1424 823 1480 hodie

40 1506 57 1552 tt
67 1498 138 1552 bace
148 1499 224 1562 urbs,
241 1497 410 1561 incolebant,
426 1514 516 1566 aequo
529 1497 622 1550 animo
633 1496 679 1550 illi
689 1496 824 1550 libenter·
913 1534 914 1539 1
935 1520 939 1525 -

40 1585 67 1623 se
78 1575 219 1636 parerent.
257 1567 381 1630 Quorum
397 1570 488 1636 copiis
500 1583 583 1637 quum
595 1583 626 1621 se
637 1567 733 1620 ducem
743 1580 825 1634 prae·

40 1640 134 1702 risset,
144 1645 176 1689 ut
189 1637 239 1706 [et]
251 1638 304 1689 ium
318 1653 335 1687 a
346 1636 449 1689 fabulis
461 1637 497 1690 ad
508 1638 586 1691 iacta
596 1638 754 1698 veniamus,
776 1649 825 1702 op·

40 1708 149 1761 ’essisse
158 1707 284 1774 Longam
291 1706 388 1758 ,libam
399 1706 520 1759 validam
532 1707 629 1760 urbem
640 1714 669 1763 et
678 1709 825 1774 potentem

40 1777 187 1844 mporibus
207 1776 284 1840 illis,
311 1777 504 1846 Amuliumque
524 1776 629 1847 Regem
647 1775 824 1831 interemisse

40 1858 111 1901 rtur.

58 1917 108 1968 lll.
129 1915 193 1978 Qua
205 1914 404 1983 gloriaparta,
423 1913 522 1967 urbem
538 1915 683 1984 auspicato
695 1915 825 1981 condere,

44 1987 164 2038 firmare
176 1984 280 2037 dieitur
291 1984 410 2051 primum
421 1985 592 2053 cogitavisse
603 1982 823 2053 rempublicam.

40 2057 78 2106 bi
93 2062 191 2108 nutem
204 2055 311 2117 locum,
332 2052 407 2121 quod
418 2059 461 2106 est
471 2054 513 2116 ei,
535 2055 584 2122 qui
593 2054 754 2108 diuturnam
765 2067 825 2108 rem

44 2126 154 2178 blicam
176 2140 271 2177 serere
293 2130 422 2186 conatur,
442 2122 658 2191 diligentissime
679 2125 825 2192 providen-

41 2213 81 2259 ιιι,
92 2194 259 2247 incredibili
270 2192 481 2260 opportunitate
487 2192 603 2262 delegit.
622 2193 739 2263 „Neque
751 2195 826 2247 enim

40 2267 58 2317 d
75 2280 159 2317 mare
171 2263 310 2325 admovit,
331 2261 407 2329 quod
423 2260 667 2316 cimitillamanu
679 2264 825 2333 copiisque

41 2335 217 2387 teillimum“
237 2337 270 2383 ut
281 2331 308 2382 in
320 2346 418 2399 agrum
429 2330 598 2383 Rutulorum
608 2334 825 2402 Aboriginumvo

41 2404 193 2465 accelerem
212 2408 263 2453 aut
280 2402 308 2453 in
326 2401 400 2453 ostio
415 2400 564 2464 Tiberino,
583 2416 664 2468 quent
685 2403 825 2456 inlocum

40 2471 102 2524 iltis
117 2478 189 2540 post
205 2471 283 2523 annis
299 2470 461 2524 Rextlneus
476 2470 616 2524 coloniam
632 2470 761 2534 deduxit,
780 2487 826 2523 ur·

41 2559 62 2594 n
75 2546 144 2609 ipse
158 2542 308 2605 conderct3
331 2541 380 2595 sed
390 2540 444 2594 hoc
458 2540 503 2594 vir
517 2540 667 2594 excellenti
677 2540 824 2608 providen-
908 2581 913 2586 .

49 2613 149 2664 sensit
161 2627 197 2663 ac
206 2610 285 2673 vidit,
295 2611 674 2681 nonesseopportunissimos
686 2613 754 2662 situs
766 2624 824 2662 ma·

40 2684 118 2751 imos
131 2680 252 2736 urbibus
265 2681 320 2749 eis,
338 2697 408 2753 quac
420 2684 456 2739 ad
468 2699 545 2755 spera
556 2678 750 2764 diuturnitatis
761 2693 813 2734 con
