2084 3025
266 114 387 168 mel.
424 112 626 168 demidio.
697 122 703 134 '
792 111 844 172 25

46 218 107 274 dam
119 216 249 271 homines
264 234 319 271 non
335 234 380 281 re,
399 217 449 272 sed
464 218 606 281 condoce)
625 216 675 270 sed
690 216 787 284 siquis
801 223 846 270 est

45 289 138 356 paullo
151 289 282 356 erectior,
302 289 428 355 quamuis
439 288 586 354 roluptnte
599 288 734 354 capiatur,
754 286 845 338 occul-

47 365 88 409 tat
99 363 127 408 et
137 357 296 408 dissimulat
306 358 457 424 appetitum
466 357 631 421 -roluptatis,
646 363 760 423 propter
770 372 847 407 rere·

47 426 186 482 cundiam.
220 423 281 477 106.
301 427 412 493 Exque
428 426 609 491 intelligitur,
629 426 754 492 eorporis
769 424 847 476 volu·

46 502 150 564 ptatem
166 509 221 545 non
237 495 306 545 satis
322 511 382 546 esse
398 495 509 561 diguam
531 493 649 546 hortinis
665 494 846 561 praestantia,

46 580 163 631 eantque
175 564 315 614 contemni
325 571 353 615 et
364 565 442 616 reiiei
453 570 595 629 oportere:
607 566 693 614 siosit
701 564 846 630 quispiam,

46 634 94 701 qui
102 632 211 700 aliquid
220 632 329 684 tribuat
340 634 485 698 voluptati,
501 633 653 698 diligenter
663 634 689 682 ei
699 631 847 684 tenendum

46 719 106 755 esse
117 703 178 753 eius
196 700 329 752 fruendae
339 702 460 753 mudum.
493 702 594 767 ltaque
605 702 694 752 rictus
705 700 849 766 cultusque

47 771 173 837 eorporis
184 770 220 820 ad
231 770 416 822 valetudinem
428 769 608 837 refera[n]tur
619 777 645 821 et
658 769 692 820 ad
703 769 783 829 vires,
795 783 849 820 nort
944 813 953 818 .

46 840 82 892 nd
100 839 284 904 voluptatem.
318 841 408 905 Atque
423 841 520 900 etiam,
541 838 565 888 si
578 837 759 904 ›eonmderare
774 836 850 886 volu·

45 924 116 970 mus,
126 923 205 975 ⁴quae
214 908 254 958 sit
265 908 293 958 in
303 915 403 959 natura
414 906 534 958 heuduis
545 908 711 958 excellentia
722 913 751 958 et
762 905 850 972 digni·

45 984 97 1039 tas,
112 976 316 1043 intelligemus,
334 993 415 1043 quam
427 977 465 1027 sit
475 983 572 1043 turpe,
594 975 718 1028 diffluere
731 975 850 1037 luxuria,
944 979 953 992 “

46 1054 74 1099 et
88 1046 211 1097 delicate
227 1061 259 1097 ae
275 1046 399 1098 mediter
412 1047 520 1108 risere3
541 1061 676 1114 quamque
694 1043 849 1107 honestum,

45 1131 138 1183 parce,
151 1115 337 1177 eontinentur,
348 1130 452 1177 serere,
462 1115 563 1167 sobrie

97 1181 159 1235 107.
178 1184 393 1253 intelligendum
405 1191 448 1236 est
459 1185 554 1247 etiam,
565 1184 671 1237 duabus
681 1183 759 1251 quasi
770 1197 821 1234 nos
832 1197 850 1240 a

45 1260 149 1306 natura
163 1253 277 1305 indutos
294 1270 354 1306 esse
369 1254 508 1319 personis:
527 1270 642 1320 quarum
657 1270 713 1306 una
723 1259 766 1304 est
777 1268 849 1303 eom·

45 1324 146 1386 munis,
168 1338 204 1374 ex
215 1338 257 1384 eo,
271 1322 343 1389 quod
357 1338 452 1374 omnes
462 1324 611 1389 participes
621 1338 716 1386 sumus
725 1322 850 1383 rationis,

44 1391 292 1461 praestantiaeque
303 1393 372 1453 eius,
384 1407 439 1458 qua
450 1392 641 1444 antecellimus
650 1392 759 1451 bestiis,
769 1407 786 1442 a
797 1404 851 1456 qua

46 1478 129 1515 omne
141 1460 286 1512 honestum
304 1461 490 1527 decorumque
502 1460 636 1523 trahitur,
659 1466 687 1511 et
698 1474 732 1511 ex
743 1474 799 1525 qua
808 1474 851 1509 ra·

45 1534 87 1587 tio
97 1530 257 1583 inveniendi
266 1530 354 1595 ⁴officii
364 1533 533 1598 exquiritur:
555 1531 645 1583 altere
656 1537 758 1590 autem,
780 1543 851 1593 quae

45 1601 161 1669 proprie
177 1600 295 1668 singulis
313 1607 356 1653 est
367 1601 482 1652 tributa.
519 1601 555 1650 Ut
566 1600 675 1650 enimin
688 1599 852 1663 corporibus

44 1685 165 1736 magnae
177 1666 417 1721 dissimilitudines
428 1676 504 1721 sunt:
523 1669 612 1729 (alios
622 1667 717 1734 [enim]
728 1665 851 1719 ridemus

45 1739 199 1792 salacitate
210 1738 246 1789 ad
257 1754 374 1802 cursum,
389 1739 459 1791 alios
473 1739 580 1790 viribus
590 1735 795 1789 adluetaudum
806 1749 852 1785 ra·

44 1808 117 1860 lere:
140 1809 261 1874 itemque
271 1808 300 1858 in
311 1807 409 1860 formis
420 1809 483 1860 aliis
494 1808 657 1875 dignitatem
670 1808 768 1867 inesse,
788 1804 853 1856 aliis

45 1882 253 1940 venustatem)
274 1879 314 1929 sie
328 1879 357 1928 in
372 1878 471 1931 animis
487 1880 624 1941 exsistunt
636 1878 756 1927 maiores
766 1876 852 1928 etiam
871 1904 877 1909 -

43 1948 211 1999 varietates.
247 1943 307 1999 108.
326 1946 397 1999 Erat
406 1948 435 1998 in
445 1946 478 1999 L.
490 1949 590 1998 Crasso
602 1948 668 1999 etin
679 1947 712 1998 L.
723 1943 852 2011 Philippo

46 2016 154 2068 multus
165 2016 258 2081 lepos:
277 2015 370 2068 ⁴maior
381 2017 481 2078 etiam,
502 2018 645 2083 magisque
661 2016 695 2068 de
707 2015 852 2075 industria,

45 2087 78 2138 in
99 2087 130 2136 C.
144 2087 277 2146 Caesare,
296 2085 329 2137 L.
345 2085 377 2136 F.
412 2087 447 2136 st
466 2086 566 2136 iisdem
579 2087 752 2152 temporibus
767 2086 797 2135 in
811 2084 852 2136 Μ.

44 2154 159 2206 Scauro
165 2160 197 2206 ,et
208 2155 237 2203 in
247 2154 286 2205 M.
298 2153 389 2207 Druso
402 2152 579 2207 adolescente
590 2155 740 2222 singularis
751 2153 853 2209 sererif
878 2218 883 2222 .

45 2230 104 2275 tas:
125 2224 156 2274 in
172 2223 202 2275 C.
216 2222 314 2273 Laelio
335 2223 425 2274 multa
436 2221 580 2275 'hilaritast
601 2225 629 2274 in
644 2226 704 2276 eius
720 2218 853 2275 instillari

45 2291 180 2359 Scipione
197 2293 314 2343 ambitio
331 2293 433 2355 maior,
453 2293 511 2343 rita
525 2293 644 2345 tristior.
677 2293 723 2345 Du
737 2291 854 2344 Graecis

20 2418 23 2426 ,
50 2368 155 2422 autem,
167 2360 275 2412 dulcem
287 2367 315 2412 et
324 2361 457 2423 'facetum
464 2363 611 2429 festivique
621 2363 763 2421 sermonis,
770 2368 854 2426 atque

46 2431 82 2499 ip
94 2429 172 2482 omni
187 2431 314 2481 oratione
331 2430 539 2493 simulatorem,
558 2447 637 2498 quem
650 2434 742 2497 εἴρωνα
753 2428 855 2481 Graeoi

47 2501 276 2558 nominaverunt,
294 2499 438 2551 Socratem
449 2501 618 2566 accepimus-2
635 2506 741 2558 contra,
752 2495 854 2563 Pytha·
895 2546 900 2551 .

49 2582 148 2634 goram
163 2573 193 2618 et
206 2566 342 2618 Periclem
357 2583 491 2618 summam
513 2571 710 2618 auctoritatem
726 2578 854 2619 consecu-

48 2643 104 2700 tos,
120 2635 183 2714 sine
193 2637 253 2688 ulla
263 2634 414 2689 hilaritate.
452 2636 588 2688 Callidum
600 2630 801 2690 Hnnrribnlem,
821 2646 854 2685 ox
