2084 3025
306 164 637 230 C'ONSOLA'I'IO.
821 172 875 229 sse

54 289 119 343 tur,
130 279 192 335 ulie
201 278 311 332 ratione
322 278 501 344 perturbarit,
519 276 579 335 Nec
589 280 698 332 mirum.
713 278 789 333 Vera
801 280 876 335 enim

55 349 205 404 fortitudo
217 351 313 401 inanes
324 347 532 419 sollicitudines
543 351 621 407 elicit
635 367 667 402 ac
678 351 808 418 depellit:
829 366 877 418 op·

57 421 164 488 primit
174 419 357 487 cupiditates:
376 417 495 487 imperat
507 412 614 472 timori:
637 419 708 473 nihil
727 418 818 473 autem
830 436 897 487 spu

54 490 145 560 petit,
157 487 226 541 forti
236 488 296 541 siro
307 486 465 553 indignum:
476 502 527 539 nec
538 490 573 541 sl>
585 490 683 545 ulisse
693 491 735 542 sel
748 497 822 546 uictu
833 489 879 542 vel

55 558 257 612 inconstantia
272 554 427 627 repellitur.
463 557 502 613 Et
521 560 648 625 quamvis
667 560 807 616 excelsam
821 559 878 612 ela·

56 637 180 697 tamque
193 635 321 683 naturam
333 627 407 679 ratio
418 626 488 695 ipsa,
500 626 646 686 doctrinae
658 630 818 698 praeceptis
828 631 878 681 im·

56 699 148 761 buta,
170 699 329 750 confirmet:
351 697 426 765 quod
448 694 567 761 Pericli,
584 698 749 755 doctissimo
773 697 878 750 homini

57 768 245 835 maximoque
259 767 372 834 ingenio
389 767 535 833 praedito,
556 769 617 820 sine
628 770 688 822 ulla
703 769 878 820 dubitatione

60 838 230 904 contigisse,
243 852 357 905 prorsus
367 836 435 891 milii
447 838 618 904 persuadeo:
630 841 707 906 ipsae
718 846 810 891 tamen
820 838 878 891 for·

58 907 200 962 titudinis
216 907 326 959 radices
341 906 370 957 in
385 906 479 958 animo
491 908 642 979 praecipue
656 908 786 964 insident.
823 907 879 972 Qui

59 992 152 1047 quum
164 975 285 1031 humana
297 976 431 1043 despicit,
452 992 502 1031 nec
513 977 549 1029 ad
562 977 691 1040 humilia,
727 979 788 1029 uasi
800 976 879 1029 humi

59 1044 227 1116 depressus,
238 1047 297 1099 ullo
309 1054 392 1111 pacto
404 1045 593 1102 adhaerescitr
615 995 750 1111 lacileit,
769 1055 801 1101 ut
812 1049 879 1102 ube·

57 1119 157 1174 riores
167 1123 195 1169 et
206 1118 378 1170 maturiores
389 1115 589 1181 tractassent,
600 1135 682 1189 quum
694 1117 730 1171 ad
741 1133 811 1179 euni,
823 1116 879 1167 rel·

56 1188 108 1241 nti
119 1186 155 1236 ad
167 1203 184 1239 a
219 1202 264 1238 um
276 1186 416 1252 optimum
427 1188 551 1250 cultura,
571 1190 643 1243 ratio
655 1188 740 1240 etiam
755 1201 878 1242 accesse-

56 1258 114 1319 rit,
124 1270 176 1308 cen
190 1256 366 1324 ornatisque
377 1256 532 1313 doctrinae.
543 1257 606 1315 Non
615 1259 701 1320 enini,
713 1254 879 1309 sensuomui

58 1326 177 1380 doloris
190 1327 312 1379 camisse
322 1342 446 1389 summos¹
456 1327 541 1390 siros,
553 1328 719 1384 eredendum
731 1326 781 1379 est.
803 1326 878 1388 Qua·

59 1396 105 1452 lis
116 1396 189 1448 enim
200 1394 271 1451 nihil
288 1397 432 1450 sentientis
448 1398 533 1454 animi
549 1415 685 1466 sensuque
705 1412 819 1468 prorsus
834 1412 879 1447 ca-

61 1467 157 1522 rentis
168 1482 229 1520 csse
239 1465 377 1522 fortitudo
388 1467 542 1538 potuissctl
553 1466 746 1532 Sed‚dolorem
757 1465 878 1519 sentien-

64 1545 124 1601 tes,
146 1537 182 1590 nd
197 1552 259 1589 eum
280 1537 492 1603 opprimendum
508 1553 542 1589 ac
562 1537 725 1590 vincendum
743 1552 879 1588 summam

63 1606 157 1662 animi
168 1608 373 1660 contentionem
385 1605 564 1669 adhibebant,
578 1615 743 1674 tantumque
755 1607 881 1672 niteban-

63 1685 126 1739 tur,
139 1682 170 1730 ut
181 1692 196 1728 e
207 1689 299 1744 pugna
311 1675 487 1731 discederent
496 1677 662 1743 superiores.
691 1677 792 1731 Verum
804 1675 880 1726 enim

62 1746 143 1801 illud
155 1752 205 1810 est,
216 1746 321 1796 nullam
333 1746 427 1797 animer
438 1745 572 1802 maiorem
585 1753 700 1812 pestem,
719 1763 774 1798 una
783 1745 881 1801 remis·

58 1817 158 1879 sione,
178 1822 260 1883 posse
271 1815 441 1881 contingere.
479 1813 535 1875 Qui
546 1816 571 1866 si
582 1817 705 1867 intentus
718 1821 775 1877 est,
794 1828 880 1882 seque

66 1885 106 1940 ad
117 1884 301 1940 resistendum
311 1891 400 1951 parat,
411 1884 505 1935 omnia
515 1885 635 1936 sustinet
644 1885 775 1951 pondera,
786 1884 880 1952 omnia

65 1956 114 2008 vel
129 1956 453 2014 firmissimatormenta
469 1953 561 2023 facile·
571 1954 687 2010 discutit
703 1972 736 2007 ac
746 1954 878 2021 depellit:

65 2031 99 2078 at
113 2026 278 2081 remissione
293 2030 440 2078 enervatus
452 2030 482 2075 et
496 2024 671 2081 effeminatus
686 2025 728 2081 ita
749 2022 880 2090 deprimi·

66 2101 117 2147 tur
128 2102 156 2149 et
167 2102 297 2163 urgetur,
316 2100 349 2144 ut
358 2109 388 2145 se
399 2091 435 2146 ad
448 2095 617 2162 aequitatem
631 2101 750 2161 nequest
762 2093 879 2145 extolle·

66 2180 109 2217 re.
137 2165 196 2217 Nec
205 2179 272 2217 vero
284 2163 429 2231 quisquam
441 2163 548 2220 doloris
559 2165 693 2232 impetum
705 2164 833 2229 excipere
845 2178 879 2222 ae

66 2235 182 2287 fortiter
193 2234 303 2302 perpeti
314 2238 422 2301 posset,
444 2234 500 2286 nisi
511 2250 541 2285 se
553 2237 628 2302 prius
639 2235 674 2287 ad
686 2232 879 2290 obsistendum

67 2311 274 2371 comparasset:
297 2310 345 2356 aut
355 2302 549 2357 tortitudinem
562 2306 716 2373 acquirere,
735 2302 789 2358 nisi
801 2302 877 2367 prius

67 2374 214 2426 doloribus
224 2373 321 2426 multis
333 2372 481 2435 acerrime,
504 2390 537 2426 ae
549 2373 705 2428 fortissime
716 2373 877 2428 restitisset.

68 2445 179 2511 Exque
192 2444 363 2496 consuetudo
378 2443 424 2506 lit,
445 2458 517 2510 quac
529 2445 632 2500 callum
644 2444 758 2499 obducit
774 2441 878 2502 animo,

68 2529 177 2582 nosque
189 2521 288 2567 contra
298 2530 394 2569 omnes
404 2513 448 2564 vel
461 2521 576 2567 naturae
588 2515 632 2566 vel
648 2514 777 2566 fortunae
792 2511 879 2576 impe·

68 2592 117 2638 tus
128 2586 227 2637 armat
250 2586 291 2636 An
301 2598 455 2647 censemus,
467 2584 632 2651 Harpagum
644 2584 756 2637 Medum
768 2586 879 2632 tantum

67 2653 245 2712 tortitudinis
260 2654 431 2720 exemplum,
453 2661 587 2722 quantum
603 2654 638 2706 ab
655 2652 804 2705 Herodoto
825 2662 868 2698 me

66 2726 176 2777 moriae
188 2722 349 2776 mandatum
363 2730 420 2786 est,
440 2724 522 2777 edere
537 2724 674 2793 potuisse,
693 2722 747 2774 uisi
761 2720 837 2788 prius
852 2717 881 2768 in

504 2975 531 2989 ,κ
