2084 3025
203 119 261 173 ⁵21
368 95 826 170 ,nnnnrunnnnonun
855 62 873 116 s

173 239 175 242 ·
204 238 259 273 una
274 235 336 272 cunt
351 219 469 271 saeculis
483 217 676 283 aetatibusque
695 213 838 268 hominum
856 212 1012 267 inveterari

203 290 349 358 potuisset.
385 289 496 339 Etenim
506 286 639 356 ridemus,
655 290 762 336 ceteras
771 286 916 352 opiniones
928 284 1013 334 fictas
1040 311 1041 360 ¹

204 368 287 427 atque
296 374 381 409 vanas
393 357 574 409 diuturnitate
585 354 751 409 extabuisse.
780 354 849 416 Quis
861 354 934 406 enim
949 353 1014 419 hip·
1040 369 1041 406 l

205 435 405 496 potentaurum
421 426 517 488 fuisse,
528 433 586 478 =aut
604 423 881 494 chimaeram-putati
902 438 1013 490 quaeve

206 514 274 549 anus
284 504 343 549 tarn
353 511 451 548 excors
461 496 578 547 inveniri
587 501 689 562 potest,
699 495 839 562 quaejlla,
847 508 918 560 quae
923 507 1017 566 quon-

205 569 270 619 dam
282 566 466 618 credebantur
478 566 549 631 apud
559 564 666 616 inferos
678 570 816 630 portenta,
826 560 1015 615 extimescat?

206 637 374 703 Opinionum
386 636 457 687 enim
470 641 627 704 commenta
638 634 713 685 delet
724 634 795 685 dies:
811 639 928 683 naturae
939 631 1015 682 iudi-

206 708 249 757 cia
259 703 412 756 confirmat.
439 704 538 771 ltaque
548 711 577 756 et
587 705 616 755 in
626 710 720 755 nostro
731 703 844 772 populo,
859 707 887 753 et
898 702 926 752 in
939 707 1016 753 cote¹
1040 715 1041 764 l

205 776 254 837 ris,
274 774 398 826 Deorum
419 774 510 826 cutus
529 775 749 841 religionumque
763 772 928 824 sanctitates
940 770 1016 822 exsi·
1040 807 1041 818 ,

205 851 282 896 stunt
296 845 324 894 in
344 844 402 896 dies
414 844 533 895 maiores
549 850 632 911 atque
642 843 781 903 meliores.
817 843 842 894 6.
853 840 940 907 ldque
953 856 1016 902 eve·
1040 841 1041 922 ¹

205 915 247 965 nit
258 929 312 965 non
322 920 427 965 temere
438 929 489 963 nec
499 928 572 975 casu,
588 911 638 963 sed
648 912 726 978 quod·
732 912 917 977 praesentiam
927 926 1017 978 saepe
1040 939 1041 986 ¹

204 984 273 1035 Divi
288 999 368 1034 suam
379 983 534 1034 declarant:
553 988 585 1033 ut
595 988 623 1034 et
638 981 712 1047 apud
723 982 861 1049 Regillum
871 980 951 1033 bello
963 980 1018 1032 La·
1040 991 1041 1040 ζ

205 1055 341 1115 tinorum,
363 1068 446 1119 quum
463 1053 493 1101 Α.
505 1050 663 1118 Postumius
675 1050 805 1102 Dictator
820 1066 882 1102 eum
894 1050 1018 1103 Octavio
1040 1083 1041 1118 ¹

195 1121 333 1174 'Mamilio
345 1121 503 1172 Tusculano
515 1121 620 1187 praelio
633 1120 787 1183 dimicaret,
805 1120 833 1170 in
843 1126 944 1173 nostra
956 1120 1020 1172 acie
1040 1127 1041 1196 ¹

205 1195 307 1244 Castor
322 1196 351 1243 et
364 1190 464 1241 Pollux
480 1205 514 1241 ex
528 1191 606 1257 equis
621 1204 745 1255 pugnare
758 1190 809 1239 visi
826 1196 904 1240 sunt:
926 1196 959 1242 et
974 1205 1020 1243 rs·
1040 1205 1041 1248 l

206 1263 329 1314 eentiore
343 1261 479 1314 memoria
494 1260 580 1312 iidem
596 1258 777 1325 Tyndaridae
791 1258 895 1310 Persen
909 1260 1020 1311 vietum
1040 1297 1041 1334 ¹

204 1332 410 1381 nuntiaverunt.
446 1329 476 1381 P.
492 1329 565 1381 enim
577 1328 720 1391 Vatinius,
740 1344 808 1386 avus
822 1326 903 1380 huius
918 1330 1020 1382 adole-
1040 1337 1041 1394 l

205 1400 318 1462 neentis,
328 1414 412 1467 ¹quum
422 1416 439 1451 e
450 1391 878 1466 praefectura'ReatinaRomem
888 1399 1020 1451 venienti
1040 1401 1041 1472 ¹

204 1477 290 1539 noctu
302 1469 356 1520 duo
367 1470 481 1522 iuvenes
492 1484 554 1520 cum
564 1468 641 1536 equis
652 1468 723 1519 albis
734 1468 883 1531 dixissent,
906 1469 1020 1539 Regem
1040 1479 1041 1547 ¹

204 1536 307 1607 Persen
318 1541 368 1590 illo
379 1540 423 1592 dio
436 1546 555 1606 captum,
565 1539 735 1658 Senatuiq¹ue
745 1538 945 1592 nuntiavisset:
959 1542 1020 1607 pri·
1040 1568 1041 1633 ¹

116 1619 124 1630 “
203 1625 264 1673 nro,
287 1610 367 1677 quasi
376 1617 482 1662 temere
492 1609 528 1661 de
538 1608 685 1675 republica
706 1615 811 1672 ocutus,
827 1610 858 1660 in
869 1625 1020 1663 carcerem

140 1741 144 1746 ¹
205 1680 346 1732 coniectus
361 1686 415 1731 est:
436 1685 509 1744 post,
532 1677 663 1729 aPaullo
683 1676 788 1730 litteris
802 1679 905 1743 allatis,
928 1696 1020 1748 quum
1040 1714 1041 1755 ¹

138 1758 140 1771 ·
202 1750 277 1802 idem
292 1750 352 1801 dies
363 1749 548 1809 constitisset3
570 1753 598 1798 et
610 1762 678 1814 agro
690 1748 829 1812 aSnnatu,
847 1756 877 1802 et
886 1752 1022 1803 vacatio·
1040 1760 1041 1815 ¹

203 1837 237 1872 ne
254 1820 376 1879 donatus
387 1824 438 1870 est.
474 1819 565 1882 Atque
576 1816 667 1867 etiam
681 1833 764 1884 quum
780 1818 816 1870 ed
831 1818 949 1870 flurium
966 1820 1021 1872 Sa·
1040 1824 1041 1859 l

117 1930 120 1933 χ
203 1905 282 1958 gram
293 1887 472 1940 Crotoniatas
483 1885 569 1936 Locri
582 1889 703 1943 maximo
714 1890 822 1955 proelio
834 1890 1023 1956 devicissent,
1040 1862 1041 1921 l

203 1976 237 2011 ao
253 1957 315 2026 ipso
331 1958 376 2009 die
392 1955 515 2006 auditam
533 1971 594 2011 esse
611 1972 672 2009 eam
687 1960 808 2025 pugnam
822 1959 898 2010 ludis
914 1961 1022 2028 Olym-

202 2030 276 2097 piae,
288 2026 443 2079 memoriae
454 2023 594 2093 proditum
605 2031 657 2102 est.
694 2027 783 2095 Saepe
793 2029 956 2083 Faunorum
968 2046 1037 2091 vo·,

204 2114 250 2150 ees
259 2095 421 2157 exauditae,
436 2109 520 2163 saepe
528 2096 607 2148 visae
618 2097 725 2150 formae
734 2098 868 2162 Deorum,
885 2102 1023 2171 quernvis

146 2223 158 2234 ,
202 2173 318 2219 nonant
329 2164 468 2228 hebetem,
488 2171 538 2217 aut
547 2164 670 2233 impium,
691 2167 767 2220 Deos
777 2176 938 2236 praesentes
951 2186 1026 2227 esse

204 2235 330 2306 mniiteri
345 2242 503 2301 coegerunt.
517 2236 586 2288 clll.
607 2237 633 2288 7.
650 2236 861 2292 Praedictiones
877 2252 964 2304 vero,
979 2249 1025 2295 et
1040 2258 1041 2275 ¹

203 2303 415 2374 praesensiones
426 2312 518 2356 rerum
529 2304 684 2375 {liturarum
691 2307 758 2374 quid
769 2309 845 2361 aliud
856 2309 1027 2375 declarant,

202 2375 258 2426 nisi
268 2362 424 2425 hominibus
436 2390 478 2439 ea,
489 2391 562 2444 quae
571 2377 635 2438 sint,
644 2378 766 2441 ostendi,
778 2369 938 2443 monstrari,
951 2395 1027 2447 ptir-

201 2442 290 2504 tendi,
311 2443 453 2509 praedici!
472 2460 507 2498 ex
523 2460 577 2512 quo
591 2445 643 2496 illa
658 2453 777 2511 ostenta,
796 2454 933 2512 monstra,
950 2464 1028 2517 por·

47 2570 53 2574 ,
81 2531 86 2541 ι
178 2527 181 2533 ’
203 2517 291 2575 tenta,
307 2514 584 2581 prodigiadicuntun
619 2515 701 2576 Quod
712 2518 737 2568 si
748 2534 782 2573 en
792 2519 859 2568 fieta
869 2517 1029 2577 credimus

105 2586 107 2589 ’
203 2580 318 2633 lieentia
327 2582 493 2647 fabularum,
502 2584 640 2653 Mopsum,
651 2584 1032 2657 Tiresiamlmpbieraurn,

89 2717 92 2724 Ι
161 2690 167 2710 ,
204 2650 393 2715 Caldiantem,
402 2653 540 2705 Helenum
547 2670 555 2718 ;
569 2666 639 2720 quos
649 2659 744 2709 tamen
753 2671 874 2727 augures
885 2672 921 2711 ne
930 2660 1031 2728 ipsae
