2084 3025
299 96 378 175 dm.
396 121 417 176 1.
454 119 538 176 cnr.
557 117 624 176 aa
726 56 749 75 ’
811 114 864 173 sos

61 242 109 281 am
119 198 336 290 divinationem,
356 242 437 293 quam
452 226 561 288 Graeci
571 222 702 292 μαντικήν
714 221 865 295 appellant,

61 297 147 360 idest,
157 298 388 363 praesensionem
398 302 427 349 et
438 297 585 348 sciemiam
595 308 687 361 rerum
698 293 864 347 futurarum.

62 367 212 436 Magnifica
222 367 334 434 quidem
346 381 399 429 res,
412 366 592 429 cunintona,
608 365 633 415 si
644 363 728 416 modo
739 371 782 416 est
791 363 864 417 ulla:

63 450 165 505 quaque
186 438 314 504 proxime
337 436 374 488 ad
393 435 517 488 Deorum
538 436 596 488 rim
616 440 718 487 natura
735 432 865 486 mortalis

64 509 152 578 possit
166 506 312 559 accedere.
348 507 445 573 ltaque
464 513 496 557 ut
513 505 572 559 alia
585 521 636 555 nos
651 505 750 557 mellus
768 502 866 566 multe,

64 591 143 642 quam
154 577 275 639 Graeci,
297 575 340 627 sic
354 573 419 627 huic
432 574 690 643 praestantissimae
708 574 750 626 rel
765 587 866 626 nomeu

62 647 175 705 nustria
185 645 276 706 Divis,
293 646 410 707 Graeci,
425 652 457 697 nt
467 645 551 697 Plato
562 646 779 710 interpretator,
795 641 865 694 alu·

62 729 123 767 rore
133 714 282 767 duxerunt.
318 715 344 765 2
354 714 473 768 Gentem
485 714 595 783 quidem
608 713 713 765 nullam
726 712 808 764 rideo
820 727 867 765 ne·

63 791 179 852 quotam
191 783 341 835 humanam
357 790 441 852 atque
452 784 579 847 doctam,
599 794 688 850 neque
702 789 760 834 tam
770 784 867 833 imma·

61 868 121 907 nem
130 861 248 922 tamque
261 853 425 915 barbaram,
445 869 516 922 quae
532 868 588 904 non
603 851 757 922 significari
772 850 867 904 futura

61 931 90 976 et
99 941 116 976 a
129 923 299 992 quibusdam
314 924 436 990 intelligi
451 921 630 989 praedicique
648 936 729 988 posse
744 925 865 973 censeat.

60 993 201 1062 Principio
215 993 340 1061 Assyrii,
358 1000 390 1045 ut
405 995 440 1045 ab
456 993 561 1044 ultimis
577 992 774 1044 auctoritatem
789 1004 868 1057 repe·

59 1070 125 1128 tam,
139 1069 260 1131 propter
269 1063 417 1129 planitiem
428 1062 703 1145 magnitudinemque
712 1060 867 1128 regionum,

58 1149 124 1202 quas
134 1133 312 1196 incolebant,
331 1131 414 1200 quum
425 1133 532 1184 caelum
544 1146 578 1184 ex
593 1146 668 1183 omni
678 1139 758 1199 parte
768 1137 868 1199 patens
915 1194 918 1199 .

59 1210 139 1270 atque
162 1209 293 1270 apertum
312 1203 499 1264 intuerentur,
518 1202 700 1257 traiectiones
719 1208 868 1267 motusque

59 1273 202 1327 stellarum
214 1274 446 1327 obsemaremnt:
458 1271 557 1341 quibus
567 1273 683 1337 notatis,
712 1270 868 1337 uidcuique

58 1343 279 1410 significaretur,
299 1344 452 1395 memoriae
467 1342 659 1410 prodiderunt.
695 1287 760 1405 aua
777 1340 806 1391 in
820 1351 868 1390 na·

58 1412 291 1475 eoncessiones,
312 1428 368 1465 non
379 1427 413 1464 ex
424 1414 501 1474 artis,
522 1411 572 1464 sed
584 1427 618 1464 ex
628 1412 720 1481 gentis
730 1407 867 1462 vocabulo

58 1483 204 1547 nominati,
224 1482 357 1537 diuturna
368 1482 562 1536 observatione
573 1482 704 1545 siderum,
720 1478 868 1533 scientiam

58 1560 193 1621 putantur
208 1553 349 1617 effecisse,
369 1559 401 1605 ut
416 1552 541 1620 praedici
554 1558 664 1620 posset,
684 1551 750 1620 quid
768 1549 867 1615 cuique

58 1630 246 1685 eventurum
256 1630 286 1675 et
302 1639 356 1691 quo
367 1625 483 1691 quisque
499 1621 561 1673 fato
571 1631 655 1675 natus
665 1627 749 1673 esset.
785 1618 868 1670 Eam·

58 1692 120 1745 dom
130 1698 224 1744 artem
240 1694 326 1744 etiam
337 1694 470 1762 Aegyptii
484 1692 694 1760 longinquitate
708 1700 867 1755 temporum

57 1762 310 1815 innumerabilibus
325 1778 412 1829 paene
430 1762 551 1816 saeculis
566 1760 709 1813 consecuti
744 1763 866 1811 utantur.

59 1833 177 1885 Cilicum
189 1838 285 1884 autem
295 1839 323 1884 et
328 1829 483 1883 Pisidarum
496 1846 565 1898 gens
576 1838 603 1882 et
614 1829 658 1881 his
665 1825 864 1882 flnlnnaPam-

6 1899 9 1934 ³
59 1900 163 1970 phylia‚
180 1902 282 1969 quibus
293 1902 453 1953 nationibus
463 1898 633 1967 praefuimus
644 1898 706 1966 ipsi,
726 1898 866 1949 volatibus

61 1974 150 2024 arium
166 1972 365 2037 cautrbusque,
384 1976 417 2022 ut
433 1968 596 2021 certissimis
607 1968 707 2038 signis,
729 1966 869 2021 declarari

60 2055 102 2094 res
110 2042 224 2094 futuras
236 2046 345 2106 putant.
381 2037 407 2092 3.
419 2038 509 2100 Quam
518 2053 586 2089 vero
598 2038 718 2091 Graecia
730 2037 868 2089 coloniam

64 2112 181 2170 misitin
191 2109 328 2172 Aeoliam,
343 2110 460 2171 ioniam,
474 2109 577 2170 Asiam,
592 2107 734 2172 Siciliam,
744 2106 857 2159 ltaliam

60 2182 119 2235 sine
140 2179 248 2250 Pythio
269 2186 319 2232 aut
333 2178 488 2231 Dodonaeo
508 2185 558 2230 aut
570 2179 713 2234 Ammonis
734 2143 868 2230 oraculo}

62 2258 107 2303 aut
118 2251 196 2320 quod
206 2250 313 2302 bellum
324 2256 483 2317 susceptum
495 2250 530 2301 ab
542 2264 577 2301 ea
592 2248 653 2301 sine
664 2249 782 2301 consilio
793 2246 867 2299 Deo·

60 2334 119 2373 rom
130 2321 193 2374 esti
211 2321 246 2373 ll.
258 2320 318 2374 Nec
328 2336 412 2371 unum
423 2335 510 2387 genus
519 2324 564 2370 est
573 2315 867 2385 divinationlspubllce

59 2393 250 2462 privatimque
261 2391 441 2443 celebratum.
478 2389 558 2451 Nam,
573 2395 605 2441 nt
617 2390 746 2441 omittam
758 2393 866 2439 ceteros

57 2461 196 2582 &pulum
214 2467 319 2524 noster,
330 2474 412 2529 quam
422 2459 510 2511 multa
520 2473 624 2528 genera
634 2456 795 2525 complexus
807 2449 866 2504 esti
949 2517 952 2526 .

96 2532 215 2597 ’ncipim
233 2528 527 2597 buiusurbisparens‚
549 2529 693 2589 Romulus,
712 2540 767 2574 non
779 2521 868 2571 solum

59 2604 209 2668 auspicato
219 2600 323 2652 Urbem
334 2599 498 2657 condidisse,
517 2598 567 2649 sed
576 2599 637 2664 ipsc
649 2597 734 2649 etiam
747 2590 869 2658 optimus

6 2731 7 2734 Ἴ
28 2683 149 2760 αΜΨ
163 2671 253 2724 foisse
265 2669 398 2723 traditur.
433 2667 543 2722 Deinde
558 2665 710 2735 auguribus
725 2666 753 2712 et
769 2654 869 2724 reliqui
