2084 3025
438 86 449 111 b

238 138 726 218 animosissimus.
848 162 884 216 oo

7 276 10 281 ’
78 278 144 319 eam
159 266 251 317 minus
266 272 399 331 sequutus
414 267 463 319 sis.
498 268 561 320 Hac
576 267 885 321 nosadoleseeatesbe-

77 335 336 390 neroleutia‘senos
352 330 416 388 illos
432 337 465 388 L.
475 337 617 401 Paullum,
638 340 677 390 M.
689 341 835 400 Catonem,
856 338 885 389 C.
972 354 977 367 ·

81 405 207 465 Gallum,
218 405 248 458 P.
259 405 399 468 Nasicam,
410 408 455 459 Ti.
466 407 631 470 Gracchum,
647 407 787 475 Scipionis
797 407 886 459 nostri

79 489 221 537 socerum,
237 475 394 528 dileximus.
430 477 509 530 llaec
519 479 603 530 etiam
612 479 701 545 magis
713 478 803 529 elucet
814 477 888 528 iuter

78 540 229 612 aequiles,
249 553 280 596 ut
290 547 365 597 iuter
376 562 419 599 me
432 553 460 598 et
470 547 642 615 Scipionem,
661 547 694 598 1..
705 546 834 608 Furium,
855 545 886 597 P.

78 615 235 681 Rupilium,
251 614 298 682 Sp.
309 616 484 668 Mummium.
520 617 653 681 Vicissim
664 625 758 669 autem
766 632 848 668 senes
857 615 888 666 ia

4 706 6 713 ·
79 685 304 737 adolescentium
323 687 439 738 caritate
460 688 674 755 acquiescimus3
694 686 768 737 utin
783 692 887 747 restra,

78 755 156 805 utin
167 756 200 818 Q.
212 755 382 807 Tuberonis:
394 772 409 808 e
429 756 523 808 uidem
536 758 622 808 etiam
633 755 782 808 admodum
793 753 889 807 adole·

79 824 197 886 secutis,
207 823 236 877 P.
248 824 357 887 Rutilii,
372 826 403 877 Α.
441 826 539 893 irginii
550 826 744 877 familiaritate
755 824 887 876 delector.

80 893 277 961 Quoniamque
292 895 422 946 iteratio
438 903 601 962 comparata
614 902 658 947 est
673 895 749 946 ritae
761 900 889 947 naturae·

79 979 137 1032 que
148 970 274 1027 nostrae,
296 970 328 1016 ut
346 965 403 1016 alia
413 972 492 1017 aetas
508 968 617 1017 oriatur
632 980 667 1018 ex
676 965 745 1015 alia:
766 965 888 1015 urnime

78 1033 196 1102 quidem
208 1034 360 1101 optandum
371 1040 421 1098 est,
432 1042 464 1086 ut
475 1052 538 1088 eum
549 1035 711 1102 aequalibus
721 1034 820 1101 possis,
831 1033 889 1100 qui·

77 1104 200 1156 buscum
211 1110 353 1172 tamquam
365 1121 381 1156 e
393 1107 551 1158 carceribus
565 1107 682 1157 emissus
697 1107 749 1167 sis,
771 1119 833 1155 cum
841 1103 890 1162 iis-

78 1172 145 1225 dcm
157 1170 194 1225 ad
205 1175 317 1236 calcem,
330 1181 361 1226 ut
372 1174 482 1239 dicitur,
493 1177 647 1243 pervenire.
683 1172 743 1227 102.
757 1171 811 1225 Sed
822 1188 888 1241 quo·

77 1243 157 1295 niam
169 1259 214 1294 res
225 1243 360 1296 humanae
371 1243 486 1311 fragiles
498 1246 672 1311 caducaeque
683 1250 759 1305 sunt,
781 1257 890 1309 semper

79 1312 172 1380 aliqui
189 1314 353 1382 anquirendi
368 1321 445 1378 suut,
465 1332 534 1384 quos
550 1315 701 1381 diligamus
717 1320 745 1365 et
760 1313 891 1379 aquibus

79 1383 244 1449 diligamur.
281 1384 408 1437 Caritate
423 1386 497 1437 enim
506 1384 759 1451 benevolentiaque
771 1381 890 1443 sublata,

80 1454 175 1506 omnis
196 1461 240 1505 est
256 1470 271 1507 c
285 1454 345 1506 vita
358 1455 470 1506 sublata
487 1454 655 1507 iucunditas.
692 1450 764 1504 Mihi
780 1451 891 1519 quidem

3 1583 5 1588 ‚
80 1523 189 1590 Scipio,
210 1540 375 1593 quamquam
396 1532 439 1577 cst
459 1527 554 1577 subito
571 1530 691 1591 ereptus,
711 1522 781 1573 vivit
796 1530 890 1575 tamen

3 1593 5 1656 f
79 1609 247 1661 semperque
269 1595 355 1648 rivet:
376 1596 509 1649 uirtutem
530 1596 603 1647 enirn
626 1593 719 1645 amari
733 1592 810 1643 illins
825 1592 889 1654 riri,

79 1679 156 1731 quae
166 1665 306 1717 exstincta
316 1682 371 1717 non
386 1672 438 1718 est.
475 1665 534 1719 Nec
544 1663 613 1716 mibi
623 1663 676 1715 soli
686 1669 814 1715 versatur
824 1668 889 1713 arete

80 1734 191 1797 ocrrlos,
203 1735 249 1801 qui
259 1736 339 1787 illam
348 1752 459 1803 semper
469 1736 497 1787 in
507 1736 636 1788 manibus
644 1733 739 1796 habui,
749 1731 889 1784 sedetiam

78 1804 204 1871 postoris
215 1805 269 1857 erit
280 1805 356 1856 clara
367 1813 396 1858 ot
406 1807 531 1874 insignis.
555 1805 644 1856 Nemo
655 1818 786 1869 umquam
796 1802 888 1852 animo

78 1879 133 1926 aut
145 1888 195 1940 spe
206 1875 314 1928 maiora
324 1877 472 1944 suscipiet,
493 1876 541 1943 qui
555 1875 611 1925 sibi
626 1889 681 1925 non
695 1873 772 1924 illius
786 1885 889 1924 memo·

78 1944 156 1995 riam
166 1950 249 2012 atquc
260 1946 410 2013 imaginem
419 1944 628 2015 proponendam
634 1948 721 2011 putet.
739 1940 889 2008 maequ-

79 2012 146 2066 dem
158 2028 192 2066 ex
204 2016 331 2067 omnibus
341 2017 434 2078 rebus,
445 2031 515 2084 quas
526 2012 595 2066 mibi
606 2021 655 2065 aut
666 2013 779 2064 fortuna
788 2018 836 2062 aut
842 2027 889 2062 na-

78 2090 148 2134 tura
158 2084 265 2147 tribuit,
276 2084 346 2136 nibil
357 2084 455 2147 babeo,
465 2085 540 2153 quod
551 2100 613 2136 cum
624 2080 889 2147 amicitiaScipieais

78 2154 188 2220 possim
200 2151 376 2223 comparare.
389 2156 419 2206 ln
431 2155 484 2207 bae
494 2154 563 2206 mihi
574 2154 607 2206 de
619 2153 763 2219 republica
774 2151 888 2202 eonsen-

78 2237 139 2284 sus,
160 2223 190 2273 in
204 2220 255 2275 hac
269 2227 362 2277 rerum
376 2225 549 2291 privatarum
566 2224 726 2285 consilium
746 2220 774 2270 in
791 2218 887 2269 eadem

78 2292 196 2359 requies
207 2293 289 2359 plena
299 2294 498 2346 oblectationis
510 2293 573 2345 iuit.
596 2292 752 2359 Numquam
762 2288 843 2339 illum
853 2302 888 2338 ne

78 2361 201 2412 minima
216 2363 325 2429 quidem
340 2380 372 2415 rc
386 2364 506 2426 offendi,
527 2363 601 2430 quod
618 2362 728 2428 quidem
740 2356 887 2409 senserimr

78 2428 153 2481 nihil
164 2431 259 2481 audivi
271 2448 305 2483 ex
315 2433 386 2497 ipso,
398 2434 472 2498 quod
484 2433 597 2482 nollem.
634 2431 695 2481 Una
706 2427 805 2478 domus
817 2430 888 2488 erat,

77 2498 158 2550 idern
169 2499 275 2563 victus,
293 2500 371 2567 isque
383 2501 548 2553 communis:
570 2514 658 2565 neque
675 2496 765 2548 solum
776 2494 888 2556 militia,

78 2568 229 2620 sedetiam
244 2570 485 2638 peregrinationes
498 2569 752 2631 rusticationesque
769 2577 889 2613 commu·

78 2654 140 2689 nes.
164 2636 224 2690 iol.
236 2638 307 2690 Nam
318 2639 385 2705 quid
397 2653 449 2707 ego
461 2638 495 2688 de
505 2638 609 2688 studiis
621 2637 710 2686 dicam
723 2646 889 2711 cognoscen-

79 2707 110 2760 di
123 2721 235 2775 semper
250 2708 356 2778 aliquid
372 2715 455 2777 atque
470 2705 612 2760 discendi?
631 2703 772 2772 inquibus
786 2705 889 2752 remoti
