2084 3025
198 113 236 170 an
278 137 280 143 ι
481 72 690 167 'ussurus
774 96 787 163 ’.

198 203 480 278 modumhaeeliant,
500 203 1003 284 quamqucmadmodumbisresista·

198 292 255 354 tur.
277 285 321 337 42
332 287 471 350 Quorsum
482 283 568 337 haccl
589 287 663 348 Quis
671 287 730 338 sine
741 286 827 337 sociis
837 300 916 337 nemo
929 279 1002 351 quid·

53 388 58 397 .
119 382 123 391 =
199 370 281 426 quam
291 355 487 408 taleeonatur.
522 352 1003 432 Praecipiendumestigitnrbonis,

198 433 244 487 ut,
255 425 290 485 ¹si
304 425 333 475 iu
347 423 486 479 eiusmodi
496 425 634 478 amicitias
644 426 736 494 ignari
749 440 821 476 ‹cusu
832 425 929 491 aliquo
939 423 1004 474 inci·

148 532 153 541 -
198 494 300 557 derint,
320 510 354 547 ne
365 495 540 559 existiment,
560 495 602 557 ita
612 511 641 547 se
653 495 798 560 alligatos,
817 498 849 544 ut
860 495 895 545 ab
907 490 1005 544 amicis

155 564 157 569 ’
196 567 227 633 in
245 564 405 631 republica
427 564 606 630 peccantibus
621 579 676 616 non
691 562 847 615 discedant:
869 559 1004 629 improbis

198 641 291 689 autem
307 646 397 700 poena
411 632 562 685 statuenda
572 640 625 685 cst:
646 648 774 686 necvero
785 631 940 693 miseriis,
960 628 1006 696 qui

199 703 542 771 remunerandorum,
564 716 645 770 quam
658 704 703 766 iis,
721 705 766 770 qui
777 700 832 768 ipsi
842 699 950 754 fuerint
959 700 1006 750 im·

198 774 315 843 pietatis
326 772 419 839 duces.
437 772 507 836 Quis
518 772 661 837 clariorin
672 770 791 824 Graecia
801 770 945 823 Themista
953 766 1007 831 ¹elci

199 844 262 913 quis
277 840 436 909 potentiori
455 842 511 906 Qui
532 858 614 908 quum
629 841 785 910 imperator
801 840 878 893 bello
893 839 1006 892 Persico

198 911 335 966 servitute
346 909 493 979 Graeciam
509 911 671 977 liberasset,
690 909 861 979 propterque
871 908 1006 961 insidiam

169 1011 172 1016 -
198 983 229 1035 in
244 981 374 1033 exsilium
390 981 490 1032 missus
502 987 589 1044 esset,
608 982 736 1049 ingratae
753 980 863 1047 patriae
876 978 1008 1030 iniuriam

199 1065 256 1103 non
266 1050 342 1112 tulit,
362 1064 445 1118 quarn
456 1050 530 1103 ferre
542 1050 669 1103 debuit:
683 1049 764 1102 Fecit
773 1049 857 1112 idem,
878 1047 957 1115 quod
968 1057 1007 1098 xx

200 1118 279 1171 annis
296 1124 360 1170 ante
376 1118 449 1187 apud
465 1135 516 1172 nos
531 1118 638 1173 iecerat
649 1120 823 1189 Coriolanus.
859 1118 918 1170 llis
935 1115 1008 1171 adiu·

200 1195 247 1240 tor
257 1194 356 1239 contra
370 1188 492 1255 patriam
509 1189 636 1243 interitus
648 1197 692 1242 est
702 1205 793 1243 nesso.
827 1186 930 1255 ltaque
940 1199 1008 1239 mor·

200 1262 258 1310 tem
274 1258 328 1309 sibi
343 1264 461 1326 uterque
477 1256 622 1314 conscivit.
658 1259 702 1313 43.
722 1260 816 1321 Quare
831 1256 897 1309 talis
910 1261 1008 1322 impro-

201 1328 303 1381 borum
323 1329 468 1380 consensio
491 1344 547 1379 non
566 1328 651 1381 modo
670 1324 851 1385 excusatione
868 1326 1008 1379 amicitiae

200 1397 322 1466 tegenda
331 1412 385 1448 non
398 1404 449 1461 est,
460 1398 511 1450 sed
520 1400 616 1466 potius
626 1399 703 1451 omni
719 1398 856 1466 supplicio
867 1396 1008 1448 vindican-
1037 1400 1038 1405 ’

202 1467 252 1521 da:
273 1474 350 1520 utne
367 1468 429 1536 quis
445 1468 499 1520 sibi
515 1483 678 1523 eoncessum
695 1473 788 1536 putet,
808 1467 947 1530 amicum,
967 1461 1009 1515 sel

173 1577 178 1584 .
201 1537 305 1591 bellum
319 1539 428 1604 patriae
440 1537 617 1603 inferentem,
629 1540 716 1607 sequi.
737 1535 835 1603 'Quod
847 1535 972 1604 quidem,
980 1540 1009 1584 nt

166 1617 171 1630 ’
201 1623 247 1661 res
258 1607 350 1674 coepit
360 1605 411 1678 ire,
433 1606 595 1672 baudscio,
617 1625 653 1662 an
663 1608 814 1676 aliquando
827 1605 955 1658 futurum
966 1604 1008 1655 sit

201 1675 275 1730 Mihi
286 1684 380 1729 autem
391 1693 446 1729 non
456 1679 559 1729 minori
573 1694 658 1730 curae
669 1686 726 1740 est,
745 1677 836 1745 qualis
850 1673 1009 1741 respublica

222 1754 267 1799 ost
278 1753 396 1799 mortem
407 1762 498 1800 meam
511 1737 607 1800 futura
616 1747 662 1810 sit,
674 1763 755 1815 quam
767 1745 858 1814 qualis
867 1744 955 1796 hodie
965 1743 1008 1793 sit.

242 1818 274 1869 ll.
293 1815 337 1867 44.
355 1816 435 1868 Haec
449 1817 538 1885 igitur
548 1818 638 1884 prima
649 1817 695 1869 lex
707 1815 847 1867 amicitiae
858 1814 1008 1871 sanciatur,

201 1890 234 1937 ut
246 1887 280 1937 ab
292 1885 390 1936 amieis
402 1885 519 1939 honesta
529 1893 666 1954 petamus,
687 1875 839 1937 amicsffum
851 1899 955 1935 caussa
965 1879 1009 1933 bo·

201 1960 283 2010 nesta
292 1953 440 2007 faciamus:
461 1972 495 2009 ne
508 1961 701 2028 exspectemus
713 1955 837 2023 quidem,
854 1951 922 2005 dum
932 1964 1008 2019 roge·

201 2040 277 2078 mur:
298 2021 423 2076 studium
435 2041 544 2093 semper
554 2025 640 2087 adsit,
660 2024 798 2078 cunctatio
812 2023 898 2076 absit:
922 2018 1007 2073 consi·

201 2093 269 2156 lium
281 2105 347 2145 sero
359 2093 425 2147 dare
437 2095 607 2162 gaudeamus
617 2096 717 2148 libere:
738 2094 891 2161 plurimum
903 2092 933 2143 in
945 2086 1006 2142 arni·

202 2163 271 2215 citla
281 2164 433 2215 amicorum
455 2166 525 2218 bene
540 2164 717 2218 suadentium
730 2161 829 2216 raleat‘
839 2161 1006 2214 auctoritas:

202 2248 289 2299 enque
301 2240 331 2284 et
341 2233 508 2287 adhibeatur
517 2235 553 2286 ad
567 2235 733 2287 monendum
745 2250 799 2286 rron
811 2232 894 2285 modo
906 2234 1008 2298 aperte,

109 2337 113 2356 2
202 2301 353 2421 sedtetiam
364 2304 483 2370 acriter,
504 2305 528 2356 si
543 2320 589 2358 res
601 2305 757 2375 postulabit
766 2310 795 2359 ot
805 2301 949 2356 adhibitae
965 2312 1008 2366 pa·
1035 2367 1036 2384 Χ

194 2385 250 2424 -rea
265 2387 306 2423 ur.
404 2399 418 2428 r

254 2438 299 2491 45.
318 2440 389 2493 Nam
399 2442 586 2509 'quibusdam
607 2459 677 2513 quos
688 2444 770 2498 audio
781 2442 923 2511 sapientes
933 2432 1008 2488 babi-

125 2531 131 2536 ·
203 2515 249 2560 tos
260 2509 288 2559 in
299 2509 431 2575 Graecia,
448 2512 590 2579 placuisse
604 2516 702 2582 opinor
712 2514 853 2566 mirabilia
864 2506 1007 2580 quaedam.
1034 2523 1036 2530 ⁴

203 2574 260 2627 Sed
271 2575 341 2629 nihil
354 2585 409 2643 est,
430 2583 505 2647 quod
521 2584 635 2637 illinon
652 2589 853 2653 persequantur
863 2580 921 2631 suis
931 2589 1008 2643 argu·

117 2656 125 2664 ·
204 2643 252 2695 tiis
269 2648 411 2715 argutiuss
431 2654 536 2722 partim
554 2654 701 2725 fugiendas
720 2670 781 2710 esse
801 2651 901 2707 nimias
916 2641 1005 2702 amici·
