2084 3025
271 118 348 176 LlB.
361 119 401 175 11.
438 120 522 175 CAP.
541 122 585 175 Ἄ).
595 118 640 176 21.
807 121 860 177 44³
928 135 931 140 ⁴

40 236 173 282 tremum
195 231 287 279 autem
309 231 487 292 praeceptum
506 225 536 277 in
556 224 698 280 beneddia
719 241 859 297 operaque

41 298 144 353 danda
154 303 207 359 eat,
226 295 341 363 nequid
353 302 450 347 eontra
462 296 630 363 aequitatem
642 299 805 360 contendas,
824 314 859 352 ne

43 367 115 438 quid
135 382 188 434 pro
213 366 325 418 iniuria.
366 363 591 417 Fundamentum
614 367 688 419 enim
707 375 859 435 perpetuae

41 436 302 504 commendationis
313 442 342 489 et
352 435 444 489 famae
454 442 498 487 eat
508 435 617 488 iustitia
622 453 631 501 3
650 438 711 489 aine
721 453 777 505 qua
788 436 859 490 nibil

39 513 143 577 potant
155 522 217 559 asse
228 503 388 559 laudabile.‘'

98 575 180 628 xxi.
200 577 242 628 72
253 574 448 643 sedquoniam
460 573 495 627 de
505 591 540 627 eo
549 589 652 643 genere
660 575 859 629 beneficiorum

39 646 227 707 dictumest,
249 655 320 712 quae
331 644 367 697 ad
383 643 508 713 singulos
522 653 663 712 spectant:
684 646 814 712 deinceps
825 646 860 699 de

39 717 90 780 iis,
104 731 178 783 quoe
188 716 226 767 od
236 716 382 780 aniversae,
393 732 513 786 quaeque
524 716 562 767 ad
573 715 765 783 rempublicam
772 716 862 783 perti·

38 795 124 848 nent,
144 784 341 852 disputandum
354 792 406 839 eat.
442 783 652 837 Eorumautem
664 784 788 851 ipsorum
801 800 861 851 par·

14 881 22 890 ·
38 858 98 910 tim
113 854 255 907 eiusmodi
264 861 340 918 auat,
358 863 390 907 ut
400 854 435 905 ad
446 854 592 906 universae
606 853 682 906 aives
692 855 860 921 pertineant,

39 924 155 998 partim
172 924 296 993 aingem
312 932 345 976 ut
361 925 516 992 attingant3
538 938 610 990 quaa
623 929 688 976 rant
701 924 786 976 etiam
797 939 859 994 gra·

40 997 133 1050 tiara.
171 994 271 1046 Danda
281 1001 420 1061 estopera
429 993 552 1054 omnino,
568 994 592 1043 si
603 995 702 1061 possit,
716 995 859 1062 utriaqa03

41 1082 100 1119 aee
111 1064 221 1126 minua,
241 1070 274 1115 ut
284 1066 369 1117 etiam
380 1063 497 1131 singulis
508 1059 678 1127 consulatur,
700 1064 809 1128 aedita,
828 1071 860 1117 ut

44 1152 81 1189 ea
89 1148 140 1188 rea
151 1140 201 1186 aut
212 1136 309 1201 prosit,
324 1143 373 1186 aut
383 1140 458 1187 certe
469 1149 525 1184 non
535 1134 610 1185 obeit
619 1135 800 1203 reipublicae.
829 1135 859 1188 C.

43 1204 176 1259 Gracchi
194 1204 379 1258 frumentaria
397 1218 500 1271 magna
518 1201 649 1270 largitio:
674 1204 861 1258 exhauriebat

41 1277 140 1344 igitur
151 1276 304 1327 aerarium:
326 1274 439 1328 modica
449 1274 490 1326 M.
500 1273 623 1337 Octavii,
644 1280 673 1326 et
687 1275 861 1342 reipublicae

43 1346 220 1409 tolerabilia,
230 1352 258 1398 et
269 1345 345 1413 plebi
354 1342 524 1398 necessaria:
535 1358 602 1412 ergo
613 1349 643 1397 et
653 1344 759 1395 civibus
769 1351 799 1396 et
809 1344 862 1396 rei·

37 1415 185 1485 publicae
201 1415 343 1468 salutarie.
379 1411 425 1468 ⁷3.
444 1416 476 1467 ln
493 1414 591 1481 primia
607 1419 701 1466 autem
710 1412 863 1466 videndum

46 1487 105 1541 erit
116 1486 154 1549 ei,
166 1485 214 1553 qni
224 1485 426 1555 rempublicam
436 1484 653 1547 administrabit,
662 1490 694 1536 ut
701 1499 781 1535 suurn
789 1482 863 1551 quin-

47 1573 104 1628 que
117 1561 224 1620 teneat,
233 1573 321 1625 neque
333 1558 367 1609 de
377 1557 458 1608 banio
468 1552 642 1623 prinatorum
653 1554 767 1622 publice
777 1553 863 1607 demi·

46 1627 131 1687 antio
142 1626 204 1679 fiat.
240 1626 402 1680 Perniciose
417 1627 491 1680 enim
500 1622 648 1692 Philippus
658 1627 687 1675 in
697 1623 863 1686 Tribunatu,

66 1713 137 1749 uum
147 1697 241 1765 legem
252 1698 391 1766 agrariam
403 1697 501 1758 ferret,
521 1710 605 1762 quam
616 1700 710 1748 tameo
722 1693 865 1761 antiquari

82 1767 138 1820 eila
148 1781 249 1834 passus
259 1774 311 1831 eat,
321 1774 350 1820 et
359 1769 388 1819 in
395 1783 429 1819 eo
438 1763 641 1838 [veliementer]
653 1765 863 1819 eemoderatum

43 1836 196 1906 praebuit:
218 1837 268 1890 aed
287 1853 372 1906 qnam
392 1838 421 1888 in
443 1835 553 1905 agendo
572 1836 664 1888 multa
681 1835 864 1903 populariter,

49 1916 115 1961 tum
125 1906 198 1960 illud
208 1908 293 1960 male:
313 1925 368 1962 noo
383 1924 438 1959 me
447 1908 477 1960 in
489 1906 602 1959 civitate
619 1907 673 1958 duo
682 1905 769 1961 millia
778 1905 864 1959 hona·

50 1995 127 2040 euna
139 1977 248 2048 quirem
257 1977 396 2031 taberent.
415 1977 552 2044 Capitalia
562 1977 665 2039 oratio,
675 1982 704 2029 et
716 1975 752 2029 ad
763 1990 865 2044 aequa·

50 2051 160 2101 tionem
176 2049 313 2100 banorum
332 2047 487 2115 pertinent:
509 2062 566 2115 qua
577 2053 660 2113 peste
681 2062 754 2114 quae
768 2052 866 2114 potest

53 2135 117 2171 ease
128 2118 238 2169 maiori
255 2118 337 2170 Hane
346 2117 419 2169 entim
430 2116 466 2170 ob
477 2131 605 2167 masuam
618 2118 752 2179 maxime,
772 2123 805 2168 ut
814 2131 870 2189 sua·

52 2194 197 2249 tenerent,
217 2188 391 2255 respublicae
406 2186 590 2252 civitatesque
608 2187 777 2238 constitutae
791 2190 865 2237 aunt.

53 2259 127 2315 Nam
139 2258 204 2318 etei,
219 2255 289 2310 duee
300 2264 410 2319 natura,
423 2254 669 2322 congregabantur
679 2255 814 2316 hominen,
823 2261 866 2305 ta·

52 2342 129 2391 men,
141 2342 193 2394 epe
204 2326 350 2379 custodiae
360 2342 453 2379 rerum
464 2340 587 2387 suarum,
603 2327 714 2379 urbium
725 2322 867 2392 praesidia

55 2399 240 2468 quaerebant.
276 2396 321 2459 74,
341 2394 537 2448 Dandaetiam
548 2403 701 2462 operaest,
721 2410 769 2457 ne,
791 2391 867 2462 quod

55 2467 132 2535 apud
154 2466 278 2518 maiores
297 2472 409 2529 nonstros
431 2479 515 2530 saepe
532 2464 618 2516 fiebat
631 2470 746 2531 propter
762 2461 867 2515 aerarii

54 2538 226 2592 tenuitatem
241 2534 492 2600 assiduitatemque
504 2532 669 2594 bellorum,
679 2531 815 2582 tributum
829 2530 868 2581 ait

57 2605 369 2672 eonferendum3'idque
379 2621 414 2657 ne
423 2604 545 2665 eveniat,
562 2602 652 2653 multo
663 2604 728 2651 anto
739 2598 794 2649 erit
804 2611 867 2664 pro·

56 2676 218 2757 rideadum'.
255 2674 304 2729 Sin
316 2691 386 2744 quae
396 2670 548 2732 aeremitae
558 2670 640 2724 haiur
651 2666 771 2720 maneria
782 2665 867 2719 alicui
