2084 3025
172 152 225 206 am
406 150 462 203 aa
486 115 738 204 nurus-cres
783 145 784 148 ‘

161 250 313 312 ‚accideret
323 255 451 307 acerbius
462 255 608 319 universis,
614 272 668 307 nen
677 256 867 324 praecipuam,
878 249 981 322 seilpa-

171 324 237 380 rem'
250 341 311 376 cum
330 326 431 377 ceteris
447 325 577 376 fortunae
593 326 784 377 conditionem
796 327 905 377 subire:
928 342 982 377 non

172 396 369 457 dubitaverim,
383 407 427 447 me
438 396 609 463 gravissimis
619 397 836 463 tempestatibus
846 383 884 447 iic
894 411 983 462 paene
1023 397 1027 400 ’

172 465 336 518 fulminibus
353 466 422 532 ipsis
437 464 548 515 obvium
564 465 653 528 leste,
676 466 933 518 conservandorum
947 467 983 517 ei·

172 538 248 588 rium
260 552 366 598 caussa,
388 536 510 603 meisque
520 537 643 603 propriis
655 537 787 604 periculis
797 535 898 603 parcre
909 551 984 587 com·

174 621 255 659 mune
266 606 382 672 reliquis
395 606 494 657 etiumi
521 605 619 673 Neque
630 607 701 658 enim
713 606 766 658 hac
778 623 829 657 nes
838 606 937 672 patria
947 606 984 657 le·

174 694 210 747 ge
224 678 320 743 genuit
335 683 383 727 aut
398 675 548 736 educavit,
563 684 595 727 ut
610 677 690 727 milla
699 678 779 743 quasi
791 677 930 729 alimenta
939 690 985 728 es·

174 753 314 814 spectaret
324 762 341 797 a
351 747 431 797 nobis
437 782 445 808 ,
458 762 491 797 ac
501 746 707 808 tantummodo,
719 748 823 798 nestris
834 747 899 812 ipsa
909 753 985 797 cem·

173 817 265 870 niudis
278 816 415 878 senciens,
432 822 522 866 tutum
534 817 691 883 perfugium
704 816 763 868 atie
774 824 873 867 nestra
885 831 987 883 suppe«

174 888 291 949 ditaret,
312 894 339 937 et
355 885 534 953 tranquillum
550 886 586 936 aa
602 889 722 953 quietem
738 887 846 948 lucu'm3
868 887 945 948 „secl
954 891 985 935 ut

173 994 191 1023 „
200 957 334 1024 plurimas
346 962 375 1008 et
384 955 522 1006 niaximas
533 959 622 1007 nestri
633 956 728 1019 animi,
738 957 854 1022 ingenii,
870 956 986 1007 consilii

174 1033 289 1094 „partes
300 1027 362 1092 ipsa
377 1026 433 1076 sibi
449 1024 484 1075 ad
494 1025 650 1078 utilitatem
659 1042 736 1077 suam
748 1027 986 1094 pigner·aretnr;“

172 1081 335 1162 tantumque
353 1095 433 1146 nobis
449 1093 478 1144 in
494 1101 620 1146 nestrum
632 1097 771 1163 privatum
780 1106 864 1147 mum
870 1129 881 1159 5
899 1111 986 1163 praa·

173 1171 232 1218 tu‘m
243 1167 299 1231 ipsi
309 1179 453 1231 superesse
466 1172 571 1230 posset,
588 1166 753 1218 remitteret.
890 1231 892 1234 Ι

130 1229 137 1238 '
225 1235 257 1286 V.
279 1236 337 1285 lam
349 1235 398 1285 illa
414 1233 557 1301 perfugia,
579 1251 648 1301 quae
666 1241 777 1286 sumunt
787 1233 843 1290 sibi
855 1233 891 1286 ad
903 1249 986 1287 excu-

174 1305 380 1370 sationemque
393 1303 505 1355 facilius
515 1306 574 1355 atie
585 1306 771 1371 perfruantur,
778 1311 859 1356 certe
870 1305 987 1357 nrinime

174 1381 239 1426 sunt
258 1373 409 1437 audienda3
433 1389 515 1440 quum
533 1375 576 1426 ita
592 1375 702 1436 dicunt,
721 1374 855 1426 accedere
871 1374 909 1424 acl
927 1391 986 1427 rem

154 1439 160 1450 ’
174 1444 314 1512 publicam
330 1444 493 1509 plerumque
508 1441 632 1496 homines
648 1443 725 1496 nulla
745 1444 986 1511 rebenedignus,

175 1531 237 1570 cum
249 1516 347 1580 quibus
359 1514 517 1579 comparari
534 1505 691 1579 sardirluin,
710 1514 867 1582 confligere·
881 1523 986 1577 autem,

174 1584 352 1635 multitudine
364 1583 529 1650 praesertim
540 1584 670 1647 incitata,
691 1587 824 1636 miserum
835 1591 867 1636 ct
877 1586 987 1651 pericu-

173 1650 265 1706 losum
277 1656 323 1706 sit,
360 1657 450 1716 Quam
462 1654 497 1705 eb
508 1668 567 1704 rem
579 1666 668 1719 neque
677 1656 813 1722 sapientis
824 1671 897 1716 esse,
916 1656 988 1706 acci·

173 1737 239 1792 pere
250 1720 379 1787 habenas,
391 1739 474 1792 quum
484 1724 596 1773 insanos
607 1728 689 1789 atque
699 1726 854 1776 indomitus
865 1726 988 1793 impetus

173 1794 252 1860 tulgi
264 1793 394 1845 cohibere
406 1807 461 1845 nen
472 1793 576 1859 pessit,
598 1802 688 1860 neque
698 1795 838 1860 liberalis,
861 1810 927 1846 cum
939 1796 988 1846 im·

173 1866 252 1932 puris
264 1870 349 1930 atque
359 1864 528 1915 immanibus
538 1863 707 1915 adversariis
718 1865 925 1928 decertantem,
944 1865 987 1917 rel

176 1935 408 1988 contumeliarum
428 1933 545 1985 verbera
563 1935 672 1997 subire,
692 1935 738 1986 rel
756 1942 927 2000 exspectare
950 1951 989 1985 aaa

175 2003 264 2070 pienti
280 2020 336 2054 nnn
350 2000 480 2055 ferendas
491 2004 621 2056 iniurias:
644 2004 761 2070 preinde
772 2006 854 2071 quasi
865 2006 952 2056 bonis
961 2012 988 2055 et

175 2074 294 2124 ier-tibus
305 2081 334 2125 et
344 2088 445 2140 niagno
457 2075 550 2126 anime
562 2075 697 2140 praeditis
703 2075 762 2126 ulla
771 2075 809 2124 sit
820 2074 859 2124 ad
870 2090 931 2125 rem
943 2091 987 2142 pu·

174 2144 277 2195 blicam
293 2142 413 2196 adeundi
425 2140 524 2196 caussa
534 2145 651 2207 iratior,
664 2161 748 2212 quam
756 2154 791 2195 ne
805 2152 931 2211 pareant
941 2147 989 2196 im·

173 2212 276 2280 probis,
288 2228 357 2266 neve
370 2216 404 2265 ab
415 2213 515 2264 iisdem
526 2214 646 2265 lacerari
657 2230 714 2266 rem
725 2211 866 2280 publicam
879 2216 989 2281 patiam

173 2291 226 2345 tur,
243 2298 325 2351 qutun
336 2283 388 2349 ipsi
401 2283 536 2347 auxilium
549 2281 623 2335 ierrc
634 2285 660 2335 si
671 2285 792 2350 cupiant,
803 2299 863 2334 nun
875 2291 988 2351 queant.

226 2351 273 2403 Vl.
294 2353 345 2402 llla
360 2357 453 2403 autem
470 2353 600 2418 exceptio
616 2371 636 2404 c·
651 2355 660 2402 i
674 2353 790 2420 probari
808 2353 930 2405 tannem
942 2368 988 2421 pn·

174 2425 241 2481 test,
258 2421 329 2487 qued
342 2427 457 2486 negant,
475 2421 630 2487 sapientem
642 2418 835 2489 suscepturum
847 2422 939 2475 ullam
949 2424 988 2475 rei

172 2490 302 2557 publicae
313 2497 428 2556 partem,
435 2497 516 2542 extra
528 2504 609 2557 quam
621 2493 645 2542 si
656 2502 719 2544 eum
729 2500 842 2558 tempus
854 2500 882 2544 at
892 2508 988 2545 raeces·

82 2598 86 2601 .
171 2559 241 2610 sitas
252 2560 392 2625 coegerit?
415 2561 574 2626 quasivero
586 2563 676 2613 maior
688 2562 818 2629 cuipiam
829 2564 988 2614 necessitas

172 2627 300 2677 accidere
313 2628 415 2692 pessit,
437 2643 519 2694 quam
531 2631 635 2682 accidit
643 2631 738 2695 nobisp
757 2633 789 2682 in·
801 2646 858 2699 qua
869 2633 938 2699 quid
950 2632 987 2683 fa·

172 2706 234 2745 cere
244 2698 407 2761 potuissem,
417 2697 472 2748 uisi
482 2704 542 2750 turn
552 2701 656 2753 Consul
666 2700 800 2754 fuissemi
821 2702 931 2753 Consul
941 2718 986 2753 au·
