2084 3025
228 101 230 106 ’
312 137 431 194 urus
468 141 555 196 enr.
569 141 596 197 o.
611 140 655 199 10.
819 143 873 199 2⁹5

68 234 137 299 rim,
158 252 229 304 quae
239 242 415 295 consiliati-ix
426 252 469 297 est
481 244 617 299 humanae
627 245 747 301 maxims
758 246 875 302 sedete·

1 356 2 359 ,
67 307 111 357 tis.
149 306 248 375 Neque
264 312 341 371 euim
352 314 446 366 omniu
462 322 528 367 sunt
543 315 623 368 buius
635 317 832 385 disputationis
842 331 876 370 ao

66 377 216 442 temporis:
239 386 267 432 et
282 379 353 433 bunc
367 383 459 436 locum
470 386 552 447 setis,
572 394 604 439 ut
619 386 687 439 milri
702 387 827 450 ridetur,
846 388 876 440 in

53 443 105 497 ,his
117 446 209 510 libris,
217 464 288 515 quos
300 451 417 518 legistis,
430 455 567 522 expressit
578 455 680 523 Scipio.
717 456 796 510 Nune
809 472 876 525 quo·

66 515 142 566 niam
157 515 312 582 hominem,
333 522 408 590 qued
422 523 589 592 principium
600 526 769 596 reliquarum
782 542 875 579 rerum

66 596 126 636 esse
140 586 246 650 voluit,
267 593 412 655 generavit
426 599 455 643 et
467 594 577 646 ornarit
587 595 678 660 Deus,
699 598 875 665 perspicuum

65 654 101 705 sit
115 654 190 705 illud
207 660 257 718 (ne
273 662 367 712 omnia
381 662 556 714 disserantur
562 669 575 726 )
587 664 676 732 ipsum
688 682 741 787 per
755 683 786 719 se
796 672 874 721 natu·
941 720 945 735 „

65 739 122 774 ram
132 724 248 790 lougius
260 731 405 797 progredi:
419 748 490 800 quae
500 735 585 785 etiem
598 736 675 786 nullo
707 743 803 787 oeente
811 750 874 803 pro·

64 791 140 845 secta
151 795 187 845 ab
199 797 245 858 iis,
255 812 419 866 quorunr‚ex
431 803 522 869 prima
533 809 561 856 et
572 804 705 857 inchoata
715 805 871 873 intelligen-

64 863 114 926 tia,
123 880 231 983 gepera
242 871 382 936 cognorit,
393 872 541 927 confirmat
551 874 613 943 ipse
624 890 673 943 per
682 890 713 926 se
724 875 872 937 rationem,

65 939 94 986 et
130 949 161 985 er
183 937 230 988 eit.

110 949 150 1055 gb
169 1005 214 1056 28.
232 1007 312 1059 Aru.
331 1007 380 1059 Dii
394 1011 581 1076 immortales,
604 1029 685 1083 quum
697 1013 874 1067 tulouvelu·

64 1072 103 1124 ris
114 1074 254 1142 principia
264 1079 382 1143 repetis!
403 1088 487 1149 etque
498 1083 547 1146 its,
569 1088 601 1141 ut
613 1099 665 1150 ego
677 1101 732 1137 non
742 1054 824 1135 modo
836 1082 872 1135 ed

64 1142 188 1205 illanon
203 1161 364 1212 properem,
388 1165 459 1217 quae
473 1155 670 1227 exspectabam
685 1170 702 1205 e
718 1163 746 1207 te
762 1154 797 1206 de
813 1154 874 1207 iure

65 1213 155 1275 eirili,
176 1215 227 1265 sed
243 1215 326 1269 facile
341 1220 447 1286 patiar,
469 1224 498 1275 te
512 1220 586 1275 hune
602 1223 731 1276 dienr·rel
741 1224 873 1276 totumiu

63 1281 122 1333 isto
138 1297 268 1337 sermone
287 1302 457 1343 consumere.
494 1290 566 1344 Sunt
581 1295 654 1345 enim
670 1292 740 1346 haee
755 1294 872 1356 urniora,

64 1366 134 1418 quae
155 1354 278 1406 aliorum
298 1373 399 1410 eausse
419 1359 542 1415 fortasse
558 1364 767 1431 complecteris,
789 1376 873 1430 quum

63 1421 122 1487 ipsa
131 1421 193 1485 illa,
205 1440 323 1492 quorum
333 1426 402 1480 haee
413 1446 511 1483 eeussa
522 1440 732 1500 praeparantur.
752 1433 792 1484 Μ.
803 1431 873 1484 Sunt

29 1529 30 1532 η
62 1489 131 1543 baec
141 1493 257 1560 quidem
267 1511 453 1567 magne‚qune
465 1520 537 1554 nune
547 1504 670 1556 breviter
681 1502 872 1570 attinguntur:

1 1567 2 1622 ξ
61 1562 109 1613 sed
121 1563 256 1628 omnium,
272 1582 342 1633 quae
354 1571 381 1619 in
393 1570 542 1625 doctorum
553 1571 696 1624 hominum
707 1571 875 1639 disputatio-

61 1647 96 1684 ne
105 1641 264 1697 versantur,
281 1637 351 1690 nihil
363 1646 406 1692 est
416 1641 545 1708 profecto
557 1642 769 1710 praestabilius,
789 1655 874 1709 qoem

61 1702 145 1769 plane
168 1703 303 1772 intelligi,
325 1724 375 1772 nos
390 1711 426 1762 ad
442 1713 581 1765 iustitium
598 1730 658 1765 esse
669 1719 764 1774 natos,
785 1725 873 1778 neque

61 1773 208 1839 opinione,
229 1775 279 1826 sed
296 1785 396 1831 natura
412 1783 592 1834 constitutum
608 1799 668 1835 esse
686 1782 740 1836 lus.
776 1781 807 1833 ld
817 1782 873 1834 ium

60 1842 185 1908 patebit,
206 1844 233 1893 si
247 1844 390 1900 hominum
405 1851 479 1904 inter
494 1854 572 1921 ipsos
583 1854 748 1906 societatem
761 1852 873 1904 eonion·

61 1912 240 1980 etionemque
255 1920 439 1984 perspexeris.
474 1922 517 1975 29.
538 1922 615 1975 Nihil
635 1929 678 1975 est
699 1925 771 1973 euim
785 1937 872 1976 unuin

60 1982 179 2033 unitam
192 1983 298 2047 simile,
320 1997 377 2039 tam
389 2002 452 2056 per,
472 2007 553 2059 quam
565 2008 660 2044 omnes
671 1992 743 2044 iuter
753 1997 872 2046 nosruet·

60 2049 136 2117 ipsos
147 2068 254 2116 sumus.
292 2056 372 2118 Quod
384 2061 409 2110 si
422 2061 584 2129 depravatio
597 2063 836 2125 consuetudinum,
847 2060 873 2114 si

61 2121 225 2187 opinionum
238 2126 348 2179 renites
359 2144 414 2180 non
425 2132 647 2185 imbecillitatem
655 2132 872 2185 animerunrtor·

60 2197 157 2257 queret
176 2199 205 2243 et
218 2190 358 2260 flecteret,
379 2215 551 2269 quocumque
562 2203 711 2272 coepisset:
733 2203 778 2253 sui
789 2214 870 2253 nemo

59 2261 119 2332 ipse
139 2268 200 2312 tam
221 2264 320 2317 similis
339 2275 425 2332 esset,
449 2287 529 2337 quam
549 2287 643 2325 onrnes
659 2278 724 2324 sunt
739 2271 871 2323 onmium.

58 2329 158 2397 ltaque
179 2347 367 2404 quaecumque
390 2346 433 2391 est
457 2340 577 2393 bominis
598 2342 740 2404 delinitio,
767 2356 822 2391 une
841 2340 871 2393 in

60 2413 157 2451 omnes
168 2402 253 2455 valet.
290 2404 335 2459 30.
354 2408 436 2472 Quod
447 2413 603 2479 argumenti
614 2412 683 2463 satis
694 2419 745 2472 est,
764 2409 872 2462 nullom

60 2467 317 2526 dissimilitudinem
330 2493 390 2530 esse
402 2482 428 2529 in
440 2496 550 2547 genere.
588 2484 665 2545 erae
677 2482 797 2557 inesset,
816 2491 872 2526 non

59 2552 116 2589 uun
132 2555 230 2594 omnes
247 2544 373 2598 delinitio
385 2550 548 2605 contineret.
586 2551 698 2602 Etenim
709 2552 796 2604 retro,
817 2558 872 2607 (1ιιίι
888 2591 893 2602 .

61 2622 116 2659 uua
132 2618 308 2679 praestemus
322 2617 439 2679 belluis,
460 2635 510 2686 per
525 2635 607 2687 quum
624 2616 785 2669 coniectura
798 2610 876 2661 vam-

62 2691 132 2745 mus‚
142 2691 382 2753 argumentamur,
397 2687 561 2752 refellimus,
578 2685 751 2741 disserimus»
763 2678 871 2729 0⁰¹¹f¹⁰l
