2084 3025
297 90 622 181 consonante.
804 121 859 177 :oa

35 232 177 288 virorum
187 229 308 282 maxime
318 231 470 298 peculiaris
479 231 569 282 virtus
579 230 632 292 sit,
653 234 683 280 ct
692 226 722 278 iu
736 225 805 277 viris
818 225 857 278 ei·

35 305 183 357 florescat
198 316 232 353 ac
247 301 343 371 vigeat
358 303 488 353 maxime:
524 300 711 364 Quamobrem
727 297 761 349 dc
778 297 858 348 fcmi‘·

33 376 89 426 nis
101 373 198 441 potius
210 370 355 423 dicendum
366 377 419 434 cst,
431 378 473 433 ut,
488 382 570 439 qu'nm
582 385 629 426 eas
639 368 811 421 fortissimas
817 365 859 425 fu·v

38 444 108 498 isse
116 443 268 510 ,cognitum
284 441 335 503 sit,
356 446 417 494 tum
432 441 536 509 pudeat
549 441 637 504 viros,
658 455 676 490 a
686 435 860 489 mulierculis

37 514 164 578 virtutis
186 510 314 577 exempla
334 517 440 576 petere,
461 510 590 563 etabiis
607 511 769 571 castitate,
790 519 860 573 quae

38 568 179 653 istorum
190 582 307 647 propria
318 594 380 632 csse
390 581 501 643 debeat,
519 578 609 632 videri
620 578 769 646 aliquando
781 589 861 642 supe·

32 659 142 706 ratos.
177 651 259 713 Nam,
279 652 303 700 si
315 664 409 701 verum
422 657 475 712 cst,
492 649 567 718 quod
577 665 595 701 a
605 647 800 716 Theophrasto
812 645 862 696 ali·

43 722 119 776 stibi
149 719 274 772 roditum
284 718 646 784 memoriaemandavimus,
666 719 762 770 orbem
774 722 861 768 terru-

26 840 31 845 .
42 806 115 849 rum
127 734 268 843 tzeutrum
280 789 419 856 quoddam
429 798 491 842 esse
501 804 642 857 magnum,
662 789 758 840 divina
768 791 862 837 mente

43 860 208 928 repletum:
229 865 259 911 et
274 860 403 911 caelestis
417 859 582 913 indicandae
597 861 751 926 sapientias
769 855 863 925 gratia

43 940 114 985 tam
131 929 231 981 multis
246 927 367 997 undique
380 928 587 982 collucentibus
607 926 779 981 ornamentis
799 925 863 976 illu»

44 1007 174 1057 stratum
188 1014 222 1050 ac
232 994 387 1067 depictum:
409 999 439 1050 in
451 1015 484 1053 eo
495 1007 589 1053 autem
600 998 692 1053 medio
705 998 862 1050 collocatos

46 1086 119 1126 esse
128 1066 255 1122 hominen
266 1068 360 1131 aDen,
370 1075 475 1121 ut‘cum
488 1069 612 1133 inmune,
629 1069 737 1131 dolore,
746 1066 862 1126 morbis,

45 1146 197 1210 egestate,
218 1139 385 1207 canibusque
406 1141 554 1206 pemnnltis
576 1139 687 1200 assidue
708 1139 861 1189 luctentur:

8 1207 9 1273 J
43 1212 145 1265 Deum
160 1222 227 1271 vero
248 1208 353 1275 ipsum,
375 1210 640 1278 quantuquuisquc
651 1206 800 1275 pugnando
817 1220 864 1256 va·
964 1194 967 1201 ’

44 1281 124 1340 leat,
146 1292 283 1347 quamquo
294 1279 415 1333 viriliter
425 1279 591 1332 tortitudine
602 1280 736 1330 divinitus
748 1283 863 1342 accepta

45 1356 167 1410 utatur,
179 1347 299 1415 desuper
311 1347 490 1415 adspectum:
509 1348 576 1413 hoc,
586 1351 712 1414 inquam,
732 1346 861 1398 siverunt

46 1425 108 1480 est,
121 1417 245 1470 dubitari
256 1416 384 1483 profecto
394 1432 450 1469 non
458 1423 569 1484 potest,
589 1418 665 1484 quin,
685 1415 862 1483 quemadmo-

8 1544 9 1553 ἵ
47 1490 121 1541 dum
132 1487 253 1554 populus
261 1487 403 1539 Romanus
414 1489 443 1537 in
453 1487 613 1540 muneribus
624 1486 745 1554 publicis
756 1485 862 1537 invisos

46 1555 141 1611 habet
154 1557 341 1625 gladiatores,
362 1557 409 1623 qui
425 1557 501 1608 omni
513 1557 599 1609 modo
608 1558 694 1609 vitam
708 1555 861 1624 impetrare

8 1632 9 1637 ’
50 1625 183 1694 cupiunt,
195 1625 273 1677 favet
286 1626 395 1691 iis‚'qui
413 1632 603 1693 contemptum
620 1628 681 1679 eius
716 1640 766 1679 rae
780 1642 811 1677 se
822 1624 863 1678 ie·

48 1701 133 1754 runt:
152 1696 251 1749 itidem
269 1695 308 1745 dii
323 1695 513 1759 immortales,
534 1696 559 1747 si
574 1710 643 1764 quos
654 1711 689 1749 ex
725 1696 862 1748 ominibus
887 1745 890 1750 .

8 1764 10 1773 '
48 1766 141 1826 nimis
154 1766 236 1816 anxie
248 1764 282 1815 dc
293 1765 353 1815 vitu
364 1765 512 1828 sollicitos,
528 1766 643 1834 eiusque
655 1767 762 1817 exitum
774 1766 864 1818 detre-

52 1840 168 1890 ctantes
179 1834 345 1901 adspiciunt,
355 1834 391 1885 iis
401 1835 495 1903 aliquo
505 1835 590 1887 modo
601 1842 796 1889 succenseant:
815 1850 864 1888 eos

8 1902 10 1919 '
49 1919 127 1959 sero
139 1911 168 1956 et
182 1915 262 1955 caros
277 1901 411 1967 habeant,
431 1912 460 1957 et
475 1906 637 1957 muneribus
652 1911 865 1973 prosequantur,

8 1974 10 1983 ’
53 1974 143 2047 quisi
155 1990 170 2025 c
180 1974 240 2023 rita
251 1979 418 2025 revocentur
427 1976 499 2043 ipsi,
519 1975 565 2027 uel
576 1991 644 2028 suos
652 1978 781 2028 revocari
790 1975 865 2028 vide·

8 2050 9 2111 f
55 2041 865 2114 ant‚alacreslactiqueDeoparcant,nibilquepropterca

8 2174 9 2177 Ἴ
54 2114 128 2171 mali
139 2113 194 2164 sibi
205 2111 339 2164 occidisse
349 2113 480 2166 iudicent.
509 2116 627 2179 Quodsi
645 2115 766 2169 laminas
786 2129 865 2181 prae·

8 2182 10 2221 ³
56 2185 169 2239 stitisse
179 2182 378 2250 intelligimus:
398 2200 448 2237 cur
462 2185 499 2236 iis
513 2187 716 2239 imbecilliores
728 2190 813 2253 atque
823 2186 865 2237 in·

55 2254 200 2309 dulciores
210 2252 301 2304 rideri
310 2253 399 2305 velint
413 2254 483 2305 viril
511 2255 608 2323 Neque
618 2257 709 2307 solum
719 2270 804 2307 uuam
816 2253 867 2305 all·

59 2340 143 2395 quam
163 2322 297 2376 emulus
312 2320 458 2386 feminam,
478 2324 535 2375 scd·
544 2332 633 2377 totam
650 2331 759 2393 gentem
772 2341 805 2377 ac
819 2339 867 2376 na·

8 2396 9 2413 ³
59 2398 181 2457 tionem,
200 2399 233 2445 ut
247 2394 365 2444 marium
376 2394 492 2456 virtute,
514 2396 555 2447 sic
574 2394 749 2447 teminorum
763 2395 867 2449 eximia

8 2464 9 2482 ¹
61 2463 182 2533 quadam
198 2461 388 2531 magnitudine
403 2463 490 2515 animi
507 2466 685 2531 praestitisse
700 2466 866 2533 accepimus.

8 2544 10 2607 4
60 2535 206 2589 Lacaenas
218 2534 294 2591 onim
302 2538 445 2585 matronas
460 2535 596 2587 traditum
609 2542 666 2599 est,
687 2536 788 2587 occisis
800 2533 867 2594 tilii:

8 2612 10 2623 '
62 2607 179 2659 vulnera
189 2604 328 2671 inspicere
339 2605 528 2657 consuevisse:
541 2622 583 2667 ac,
596 2606 620 2656 si
630 2606 763 2657 adversos
772 2606 866 2655 :ulne-

8 2666 9 2759 Ῐ
63 2683 214 2734 rstcsene
230 2673 444 2746 comperissent,
463 2674 648 2732 laetabundas
663 2674 866 2735 immiscere,
