2084 3025
212 167 265 225 m
485 156 745 218 odorricus
801 181 805 187 ·

214 276 267 334 set,
286 282 342 321 non
352 275 415 320 uter
425 268 575 333 imperaret
581 284 593 329 3.
610 262 947 327 enumerantibus,
963 263 1017 318 Sn-

214 339 360 400 mnitibus,
378 337 492 396 Poenis,
509 332 618 400 Pyrrho
636 334 671 386 de
685 333 803 399 imperio
819 333 1017 390 dimienbatur.

214 407 302 461 Poeni
307 403 469 471 foedifragi,
475 403 755 463 erudelisiiannibai;
767 401 867 469 reliqui
872 402 1019 458 iustiores.

215 474 319 546 Pyrrhi
330 473 439 541 quidem
449 472 485 523 de
496 472 616 538 captivis
626 470 784 533 reddendis,
794 471 845 522 illa
854 471 1017 537 praeclarus

251 542 308 598 Nee
316 544 354 596 mi
363 559 463 596 eurum
469 554 561 609 posen,
572 556 622 607 net
630 540 671 594 mi
673 539 794 608 pretium
805 538 958 602 ὀοόινίεἰεῐ

241 612 307 665 Nee
317 621 500 681 cauponantes
511 610 617 673 bellum,
626 611 673 671 sed
682 609 879 678 belligerantes,

251 682 348 744 ferro,
363 700 416 735 nun
426 695 494 733 sure
504 678 589 730 sitam
599 694 741 732 cernamus
751 677 868 742 utrique.

258 749 342 804 Vosne
352 749 425 812 velit,
433 766 470 802 an
480 765 521 800 me
532 764 659 817 regnare,
674 746 740 807 llere
751 747 1023 827 quidueseratsurt,

255 819 364 873 Virtute
375 818 557 886 experiamur.
587 816 629 869 Et
638 815 688 868 ltoe
701 814 783 869 sinim
797 831 892 884 accipe
901 817 1022 871 dietum

257 888 378 953 Quorum
388 886 489 939 virtuti
499 884 685 956 dellifurtutta
692 884 826 952 pepercit,

254 958 418 1011 Eurumdem
430 973 471 1007 me
481 953 602 1006 libertati
607 970 723 1022 parcere
735 961 839 1005 eertum
850 962 904 1007 este

254 1023 345 1087 Dona,
356 1025 455 1086 ducite,
467 1026 563 1090 doque,
572 1023 714 1076 relentidu'
725 1039 784 1075 eum
795 1022 902 1092 maguis
912 1020 988 1074 Diis.

132 1136 135 1141 ,
221 1094 294 1145 Xlll.
313 1093 355 1145 39.
374 1092 487 1159 Regalis
499 1107 574 1154 sane,
592 1098 620 1143 et
632 1091 906 1160 dignadeaeidarum
919 1105 1022 1158 genere

223 1161 370 1213 sententia.
405 1162 493 1226 Atque
506 1161 591 1213 etiam
603 1161 704 1229 siquid
715 1160 830 1227 singuli,
846 1162 1022 1226 temporibus

223 1229 346 1291 sddueti,
367 1228 442 1280 hosti
449 1229 649 1295 promiserunt,
665 1235 708 1281 est
717 1230 747 1279 in
759 1243 792 1280 eo
804 1229 865 1294 ipso
877 1229 947 1280 fides
958 1244 1024 1280 eun·

223 1297 368 1351 servande.
404 1298 440 1349 Ut
456 1299 547 1364 primo
557 1297 660 1349 Punico
676 1297 767 1359 bello,
788 1298 910 1364 Regulus
924 1304 1024 1363 eaptus

223 1366 369 1431 aPuenis,
389 1382 472 1434 quum
494 1366 529 1417 de
549 1366 667 1432 captivis
691 1366 891 1419 commutandis
904 1365 1023 1419 Rumam

223 1437 324 1486 missus
336 1442 419 1497 esset,
430 1436 604 1501 iurassetque
615 1450 645 1487 se
656 1435 823 1486 rediturusne
844 1435 972 1501 primum,
992 1440 1024 1486 ut

175 1531 180 1536 -
224 1505 313 1566 venit,
335 1504 460 1572 captivos
481 1503 636 1555 reddendos
658 1503 688 1555 in
703 1503 807 1557 Senatu
827 1520 882 1558 nen
899 1504 1024 1568 censuit3

225 1573 333 1635 deinde,
357 1588 439 1641 quum
450 1574 618 1625 retineretur
628 1588 646 1625 a
657 1573 817 1641 propinquis
829 1580 858 1627 et
870 1574 905 1625 ab
917 1574 1024 1638 amieis,

184 1669 187 1674 ,
225 1642 261 1693 sd
277 1643 442 1709 supplicium
457 1643 550 1693 redire
566 1642 677 1706 munit,
699 1658 779 1709 quam
794 1643 875 1694 iidem
889 1640 966 1695 hosti
978 1643 1024 1702 da,

224 1717 283 1762 tarn
294 1709 400 1763 fellere.
436 1711 494 1776 [do.
506 1709 633 1762 Secundo
646 1720 738 1765 autem
750 1711 851 1763 Punico
861 1712 949 1776 bello,
959 1718 1025 1779 pust

225 1781 394 1833 Cannensem
410 1794 543 1847 pugnarn,
565 1794 633 1846 quos
649 1780 744 1833 desem
753 1781 894 1834 Hannibal
904 1780 1026 1833 Rumam

225 1847 375 1900 adstrictus
390 1850 466 1899 misit
481 1848 660 1906 iureiurando
675 1866 705 1902 se
716 1849 856 1901 redituros
871 1866 947 1913 esse,
968 1851 1026 1902 nisi

202 1959 206 1962 .
226 1916 260 1967 de
270 1916 438 1969 redimendis
449 1917 493 1980 iis,
502 1917 552 1985 ‘qui
564 1919 638 1984 eapti
651 1925 737 1981 erant,
750 1919 961 1986 impetrassent:
975 1934 1027 1972 eos

225 1998 320 2036 omnies
333 1987 474 2048 Censores,
489 1986 578 2053 quoad
591 1988 704 2053 quisque
716 2002 811 2039 eorum
822 1989 902 2051 vixit,
916 1989 968 2054 qui
979 2002 1028 2055 pe·

225 2052 371 2114 ierassent,
394 2054 423 2104 iu
433 2056 549 2107 aerariis
566 2055 748 2122 reliquerunt3
770 2072 821 2108 nec
832 2058 922 2116 minus
932 2057 1026 2121 illan,

225 2119 273 2187 qui
294 2121 475 2175 iurisiurandi
497 2124 595 2177 fraude
616 2126 725 2193 culpem
738 2126 891 2178 invenerat.
930 2126 1025 2188 Quum

226 2188 297 2238 enim
309 2190 474 2242 Hannibalis
489 2193 624 2258 permissu
639 2196 743 2247 exisset
753 2195 788 2246 de
799 2195 915 2258 castris,
938 2195 1027 2248 rediit

226 2255 319 2335 paulin
341 2265 419 2323 pust,
441 2261 515 2326 quod
537 2277 567 2313 se
584 2263 700 2315 oblitum
715 2264 808 2316 nescio
824 2263 892 2331 quid
906 2263 1027 2318 diceret.

226 2322 334 2394 Deinde
353 2340 478 2391 egressus
494 2345 510 2381 e
526 2331 638 2394 eastris,
658 2332 834 2385 iureiurando
850 2348 882 2386 se
899 2333 1027 2387 solutum

226 2392 356 2457 putabat:
380 2400 407 2442 et
419 2402 478 2447 erat
488 2399 589 2462 verbis,
605 2414 636 2451 re
647 2416 702 2452 non
713 2408 781 2454 erat.
804 2400 921 2470 Semper
931 2410 1028 2457 autem

226 2460 255 2509 iu
267 2459 330 2541 lide,
346 2460 411 2527 quid
422 2466 549 2528 senseris,
566 2483 621 2519 non
632 2470 696 2536 quid
707 2469 818 2533 dixeris,
834 2471 1029 2539 cogitandum.

225 2526 379 2579 Maximum
395 2535 486 2581 sutem
502 2537 658 2602 exemplum
674 2546 717 2590 est
730 2540 855 2593 iustitiae
868 2542 899 2592 in
915 2537 1041 2595 hostem¹

225 2608 245 2647 s
263 2597 415 2648 maioribus
434 2600 536 2650 nostris
552 2607 740 2660 constitutum.
776 2609 864 2671 Quum
881 2624 898 2661 a
913 2609 1041 2677 Pyrrhut

186 2745 189 2750 ¹
226 2663 344 2732 perunga
353 2664 467 2719 Senatui
479 2673 522 2719 est
531 2670 689 2739 pellicitus,
709 2691 739 2729 se
750 2691 883 2730 venenum
894 2678 974 2746 Regi
982 2678 1027 2733 ds·
