2084 3025
158 141 211 197 ⁴³⁰
362 138 540 235 INCER'll
558 135 771 192 Andronis

158 240 248 296 beando
271 240 383 296 efficere
402 243 497 297 conati
515 257 610 294 samos
631 248 660 294 et
680 241 803 293 tortasse
825 238 972 294 interddai

157 314 357 383 praestitimus,
374 314 475 365 saltem
486 313 645 379 nobisipsis
656 312 828 363 medeamur.
850 312 910 365 Sed
921 328 974 364 nos

157 384 243 435 etiam
254 384 283 434 in
294 381 491 437 hocioniores
506 383 624 444 erimus,
646 396 730 448 quarn
746 381 848 453 ceteri,
869 382 973 448 quibus

159 452 272 505 difficile
291 468 345 503 non
355 453 423 515 fuit,
441 468 526 520 quum
538 452 644 503 doloris
655 458 784 518 expertes
796 451 855 517 ipsi
864 457 973 514 essent,

158 523 231 574 alios
252 523 395 574 consolari
416 528 445 573 ct
461 539 479 574 a
497 536 624 573 maerore
634 521 786 573 abducere:
810 535 863 571 nos
874 528 974 575 autem

158 592 256 644 dolore
267 590 372 653 afflicti,
393 591 614 643 consolationem
633 590 741 642 anobis
750 595 889 656 petentes,
910 605 975 641 nos-

157 661 293 728 metipsos
314 662 342 712 in
363 661 460 713 dolore
470 662 625 721 vincemus,
644 675 678 711 ac
688 666 805 711 naturae
817 658 974 727 quamdam

158 733 239 800 quasi
250 732 307 782 vim
318 730 473 784 afferemus.
503 734 581 795 Quae
593 732 700 782 utinam
711 731 784 782 tanti
793 730 841 790 sit,
851 735 886 780 ut
898 737 974 782 cete·

158 816 207 851 ros
219 816 327 867 quoque
337 801 366 851 in
377 802 438 868 pari
450 800 565 852 fortuna
575 801 676 852 doceat
688 801 822 852 adversos
834 813 973 866 casusne·

141 892 143 897 ·
157 871 262 922 tienter
272 870 358 922 ferre:
380 870 426 937 qui
437 885 493 937 quo
504 871 615 937 saepius
625 869 800 936 contingunt,
811 883 845 920 oo
857 870 973 936 propio·

157 953 203 999 res
215 939 372 991 hominibus
383 940 500 1007 putandi
512 947 584 1003 sunt,
590 941 723 1008 quasique
733 939 762 990 in
774 941 837 1005 ipsa
846 937 972 990 humana

159 1015 261 1060 ustura
281 1009 371 1061 innati
390 1015 474 1076 atque
490 1010 583 1071 insiti,
603 1009 723 1077 ideoque
736 1009 829 1061 letius
847 1007 982 1068 ferentii,¹

156 1078 217 1140 Qui
228 1078 300 1131 enim
311 1077 449 1131 hominem
460 1095 492 1130 se
501 1095 562 1133 esse
572 1082 712 1145 agnoscit,
732 1078 913 1145 hominioque
925 1092 972 1129 no·

159 1163 223 1199 men
235 1148 429 1210 smivindieat,
442 1164 491 1200 cur
500 1165 542 1211 ea,
556 1164 628 1216 quae
638 1146 758 1200 hominis
770 1149 897 1200 maxime
908 1163 972 1215 nro·

159 1219 223 1284 pria
241 1225 317 1281 srmt,
336 1233 467 1270 recusare
476 1233 510 1269 ac
520 1219 635 1270 relicere
647 1217 766 1271 audenti
787 1218 873 1280 Quod
885 1219 971 1271 simul

159 1295 192 1338 ut
202 1287 328 1350 fecisset,
348 1295 377 1340 et
394 1288 555 1354 imprudens
567 1293 596 1339 et
608 1288 729 1339 iniustus
739 1289 842 1339 merito
854 1287 970 1341 habere·

158 1365 215 1408 tur.
251 1360 339 1425 Atque
357 1355 402 1408 nic
418 1356 969 1425 locnsa'flrcophrastocgregietmeta·

111 1417 118 1437 '
158 1434 205 1478 tus
217 1433 246 1479 et
257 1428 476 1495 perpolitusest:
497 1427 619 1495 itemque
630 1428 828 1479 aXenoerate:
849 1442 968 1493 quornm

157 1502 277 1565 uterque
294 1511 355 1561 eos,
377 1496 599 1566 qui'commnnes
612 1512 693 1550 casus
703 1503 846 1560 recusant,
866 1497 970 1566 imper·

159 1565 271 1620 dentiae
282 1574 365 1634 atque
375 1568 533 1620 iniustitiae
540 1568 719 1620 condemnat:
732 1567 902 1619 alterctiam
908 1570 971 1619 Diis

158 1637 227 1704 ipsis
248 1637 381 1691 adversos
399 1653 453 1689 non
470 1638 585 1690 dubitat
599 1638 749 1705 appellare.
786 1636 870 1699 Quod
883 1639 971 1690 etiam

158 1707 272 1775 granius
284 1707 390 1761 crimen
399 1714 450 1771 est,
462 1723 495 1759 ac
505 1709 553 1759 vix
562 1708 593 1761 in
602 1706 715 1760 homine
724 1706 891 1759 tolerabiles
914 1711 971 1776 qni,

160 1791 245 1843 quum
264 1778 357 1828 omnia
368 1777 432 1829 Diis
449 1778 657 1829 immortalibus
676 1784 791 1843 accepta
801 1778 914 1830 referre
925 1778 972 1831 de·

158 1844 234 1907 boat,
246 1862 364 1913 quorum
376 1861 428 1914 ope
439 1848 518 1911 civit,
529 1848 677 1914 intelligit,
688 1847 762 1914 agit3
773 1848 911 1899 sicerum
923 1863 971 1899 ro·

158 1915 261 1967 luntati
273 1922 419 1985 repugnet,
439 1933 500 1969 cum
511 1916 585 1980 Diis,
597 1919 741 1986 gigantum
752 1931 842 1979 more,
857 1916 971 1970 bellare

159 1984 310 2038 tidebitur.
347 1988 429 2039 Hace
437 1987 529 2039 autem
539 1987 640 2053 perite,
649 1994 681 2038 ut
691 1986 760 2049 dixi,
772 2001 790 2037 a
801 1985 902 2037 multis
913 1993 971 2039 trs·

160 2060 236 2106 ctata
249 2062 321 2109 sant.
358 2055 413 2110 Sed
429 2071 481 2126 ego
492 2058 657 2110 crantorem
677 2071 792 2123 sequor:
815 2056 898 2107 cuius
912 2056 973 2125 legi

159 2125 271 2180 brevem
282 2126 362 2177 illam
374 2126 494 2194 quidem,
504 2127 556 2179 sed
565 2142 631 2180 rere
640 2140 764 2188 aureum,
773 2131 811 2189 et,
821 2132 856 2176 ut
864 2124 972 2180 Panae·

86 2195 90 2202 “
159 2197 199 2246 tio
212 2195 331 2261 placuit,
351 2196 386 2248 ad
402 2196 519 2250 verbum
530 2196 706 2249 ediscendum
719 2196 753 2262 de
763 2195 844 2246 luctu
855 2195 971 2263 librum,

160 2280 215 2333 quo
231 2272 314 2317 amite
333 2266 491 2319 universam
509 2266 617 2318 doloris
627 2266 792 2320 medicinam
804 2268 972 2335 complexus

159 2340 211 2385 est.
235 2333 290 2390 Sed
300 2334 438 2389 hnmanae
448 2342 564 2387 naturae
574 2335 971 2410 incommodaitadiligeuter

161 2408 189 2451 et
199 2410 328 2456 accurate
340 2408 492 2471 expressit,
512 2411 545 2456 at
555 2408 634 2473 quasi
652 2405 817 2458 luendorum
831 2408 971 2462 scelerum

125 2533 131 2541 Ι
161 2485 260 2522 caussa
270 2474 350 2524 nasci
361 2472 486 2527 hantines
497 2482 527 2526 et
535 2476 564 2525 in
575 2474 647 2527 hanc
659 2476 749 2528 lucem
760 2475 888 2543 ingredi,
910 2494 972 2547 pos·

160 2540 198 2586 sis
209 2554 369 2606 agnoscere.
387 2542 446 2595 Fac
456 2544 540 2607 enim,
558 2546 636 2596 nasei
647 2542 785 2596 hominem
797 2552 827 2597 et
837 2549 867 2596 in
879 2547 970 2602 lucem

160 2605 214 2656 edi.
252 2611 390 2662 Continuo
409 2614 529 2676 senties,
551 2628 606 2664 non
620 2630 711 2666 rernm
723 2612 910 2669 humanarum
923 2618 971 2670 do·

161 2674 263 2729 minum
282 2684 310 2730 et
321 2682 539 2747 gubernatorem
557 2691 698 2748 exortum,
719 2683 877 2737 sedverius
888 2688 971 2741 mise·
1026 2707 1028 2798 4
