2084 3025
152 65 189 119 ³4
330 64 387 143 DE
406 58 775 142 NnToRsnEoRom
872 55 897 124 5'
945 71 949 78 ²

153 174 273 232 mortem
295 166 359 218 dico
378 172 406 218 ot
424 165 514 216 Deos:
536 163 635 230 quibus
655 161 811 215 mediocres
832 158 961 214 homines

73 237 94 287 f
153 237 264 290 nonita
280 236 362 286 valde
378 240 536 285 moventur:
557 231 613 294 his,
631 231 681 283 ille
700 231 815 293 clamat,
836 232 962 281 omnium

153 305 313 368 mortalium
323 309 430 356 mentes
442 317 502 353 esse
513 302 686 367 perterritas.
709 302 767 351 'l'ot
777 300 866 350 millia
875 301 964 350 lutro-
1038 347 1039 362 ἶ

96 379 102 390 ’
143 420 145 424 .
156 376 291 436 cinuntur,
302 378 392 423 morte
402 372 555 437 proposita.
573 371 630 421 Alii
641 368 744 431 omnia,
754 385 826 437 quac
836 378 962 435 possunt,
1038 371 1039 432 ξ

155 444 222 495 fena
232 441 392 509 compilant.
414 439 514 503 Credo,
524 446 574 491 aut
584 440 649 500 illos
659 440 758 490 mortis
766 440 853 491 timor
863 444 964 502 terret,
1038 449 1039 494 l

155 520 205 565 nut
215 511 265 563 hos
275 510 427 578 religionis.
454 526 457 530 ·
737 543 739 552 ,
1037 499 1039 530 l

208 581 251 633 87.
270 579 333 642 Sed,
352 580 481 647 quonism
493 594 553 630 non
561 578 649 630 audes
659 577 727 641 (iem
739 578 812 631 enim
825 592 886 629 eum
896 576 964 643 ipso

125 655 129 662 ’
156 650 278 717 Epicuro
289 649 399 716 loquar)
421 665 532 715 negare,
552 648 710 701 esseDeos:
725 647 865 714 quidest,
886 647 963 712 quod
1038 663 1039 666 ¹

156 727 185 772 te
196 719 345 784 impediat,
365 724 414 769 aut
429 719 518 769 solem
534 724 582 769 aut
595 718 687 769 lunam
703 723 751 768 aut
765 717 895 767 mundum
913 722 965 766 aut

156 796 276 841 mentem
287 788 410 855 aliquam
421 788 618 854 sempiternam
630 787 658 836 in
669 786 791 840 Deorum
803 792 903 837 naturs
913 799 966 850 po·

114 861 118 866 ’
157 859 239 910 nerei
258 858 414 930 Numquam
424 857 491 919 ridi,
502 858 602 923 inquis,
614 856 733 907 animam
744 856 862 906 rationis
872 853 965 905 consi·

47 989 57 1004 f
123 991 129 996 Ι
157 929 242 994 liique
264 929 428 998 participem
444 927 472 976 in
488 926 636 988 ullenho,
654 922 963 991 nisihumansfigura.

158 997 247 1059 Quint
267 996 334 1048 solis
348 996 546 1063 numquidnam
563 1002 612 1058 sut
626 996 712 1046 lunae
725 996 908 1061 autquinque
920 1009 965 1045 er·

158 1068 279 1121 rentium
289 1066 409 1122 siderum
421 1066 512 1117 simile
523 1064 637 1115 vidistit
648 1062 696 1116 Sol
708 1063 814 1115 duabus
826 1064 906 1114 unius
919 1078 965 1113 or·

156 1138 199 1188 bis
210 1136 316 1186 ultimis
328 1135 453 1201 partibus
465 1134 598 1186 deliniens
610 1140 730 1195 motum,
750 1149 846 1185 cursus
856 1148 965 1184 annuos
989 1165 991 1170 -

100 1252 101 1255 ,
158 1205 279 1258 conficit.
314 1205 406 1256 Huius
420 1204 491 1255 hanc
505 1204 700 1254 lustrationem
716 1203 967 1256 eiusdeminoonsa

158 1276 247 1329 radiis
262 1279 403 1324 menstruo
420 1274 512 1339 spatio
530 1273 596 1324 luna
610 1272 740 1338 complet.
778 1272 905 1339 Quinque
915 1287 966 1323 su·

159 1354 216 1399 tom
226 1343 327 1394 stellae
338 1343 464 1395 eumdem
476 1343 571 1394 orbem
581 1348 717 1403 tenentes,
738 1342 810 1395 aliae
822 1342 936 1409 propius
947 1356 967 1393 a
980 1365 982 1368 ·
1037 1336 1039 1346 ¹

79 1457 90 1471 ,
158 1414 251 1475 terris,
272 1413 345 1464 uliae
356 1413 501 1475 remotius,
517 1412 552 1464 ab
562 1412 662 1463 iisdem
673 1412 827 1479 principiis,
845 1411 965 1477 dispari·

159 1485 210 1536 bus
221 1481 395 1548 temporibus
412 1482 508 1535 endem
524 1482 617 1548 spatia
632 1481 788 1535 conficiunt.
824 1482 867 1534 88.
879 1481 966 1533 Num·

159 1554 224 1622 quid
236 1553 302 1614 tsle,
314 1553 442 1620 Epicure,
452 1553 569 1604 vidistit
579 1551 622 1604 Ne
632 1552 669 1604 sit
680 1552 767 1619 igitur
778 1552 831 1614 sol,
842 1568 876 1604 nc
887 1551 967 1612 luna,

159 1642 193 1676 ne
205 1624 316 1677 stellae:
336 1623 466 1689 quoniam
478 1621 549 1673 nihil
559 1638 620 1674 esse
630 1627 733 1688 potest,
752 1621 805 1672 nisi
816 1621 888 1689 quod
899 1621 966 1677 atti·

159 1695 249 1762 gimus
266 1698 314 1744 aut
328 1693 457 1751 vidimus.
495 1692 586 1752 Quidl
604 1691 694 1742 Deum
705 1690 796 1755 ipsum
814 1689 970 1742 numncvi·

160 1763 249 1816 disti‘l
266 1764 320 1813 Cur
330 1762 416 1829 igitur
427 1759 610 1812 credis'essel
627 1758 772 1811 Tollamus
784 1775 850 1826 ergo
862 1759 968 1820 omnia,

160 1848 232 1901 quae
243 1829 420 1881 nutliistoriu
432 1830 511 1880 nobis
522 1836 571 1880 aut
581 1829 654 1881 ratio
665 1844 739 1880 nova
749 1829 838 1882 effert.
871 1830 915 1880 lta
924 1829 967 1890 fit,
1038 1870 1039 1895 q

160 1910 191 1954 ut
204 1900 403 1951 mediterranei
415 1914 491 1951 nrarc
507 1913 637 1952 essenon
653 1899 776 1951 credaut.
812 1901 889 1962 Quae
901 1906 967 1950 sunt
1038 1912 1039 1937 n

159 1977 254 2022 tautae
265 1969 348 2019 animi
362 1969 515 2035 strigoniae,
527 1974 566 2030 ut,
576 1968 602 2019 si
607 1966 718 2034 Seriphi
728 1975 810 2020 natus
821 1984 904 2030 esses,
913 1983 968 2020 nec

160 2043 289 2106 umquem
302 2053 428 2106 egressos
440 2053 474 2088 ex
485 2038 585 2099 insula,
594 2038 624 2089 in
635 2050 691 2106 qus
701 2039 858 2105 lepusculos
870 2039 967 2104 vulpe·

161 2110 291 2176 colusque
302 2122 385 2173 saepe
395 2106 529 2169 vidisses,
550 2123 604 2158 nou
618 2108 745 2161 crederes
754 2108 849 2159 leones
859 2115 889 2162 et
899 2120 968 2175 pan·

158 2179 253 2230 theras
262 2192 336 2237 cesse,
357 2190 441 2243 quum
452 2177 513 2238 tibi,
532 2178 745 2244 qualesessent‚
762 2177 919 2231 diceretur}
940 2179 967 2230 si

84 2258 92 2264 ·
159 2262 225 2305 sero
236 2247 271 2299 de
283 2244 434 2312 elephanto
442 2247 505 2312 quis
513 2247 633 2309 diceret,
653 2247 737 2299 etiam
749 2247 837 2300 rideri
846 2254 875 2301 te
885 2255 968 2317 pute·

157 2316 219 2386 resi
254 2315 368 2369 xxxo.
389 2312 522 2387 seuseu
534 2315 657 2385 quidem,
677 2315 783 2379 Vellei,
804 2324 968 2372 nonrestro

158 2401 248 2447 more,
269 2385 318 2437 sed
331 2385 550 2446 Dialecticorum
567 2390 648 2451 (quae
660 2384 785 2438 funditus
794 2395 970 2455 gensuvestra

158 2472 213 2508 non
222 2455 312 2517 norit)
323 2455 481 2522 argumenti
491 2454 657 2506 seutentiam
668 2455 842 2508 conclusisti:
861 2457 969 2511 Beatos

102 2528 108 2577 ’.
159 2526 308 2579 esseDcos
326 2523 479 2590 sumpsisti.
516 2522 707 2574 concedimus.
743 2525 861 2577 Beatum
872 2535 970 2581 eutem

158 2597 220 2652 sine
228 2596 333 2648 virtute
342 2593 479 2649 neminem
495 2605 557 2642 esse
568 2606 659 2658 posse.
695 2591 727 2644 ld
737 2609 846 2663 quoque
857 2596 968 2660 dumus,
