2084 3025
149 108 203 164 ios
289 106 745 181 ,lNciiltrlsucroRis
826 90 831 109 ’

150 210 294 267 exsultare
304 213 417 267 ridetur
426 216 544 277 animus,
556 220 586 267 et
596 213 675 280 quasi
685 213 713 265 in
724 218 839 280 portum
850 228 889 268 ex
898 214 965 268 bor«

110 286 114 293 “
148 283 212 336 sida
223 290 394 351 tempestate
405 285 527 347 delatus,
549 285 578 335 in
588 285 789 351 sapientissimi
803 286 862 336 viri
874 287 963 338 nomi-

149 367 184 405 ne
195 361 279 421 atque
289 355 417 422 exemplo
429 356 634 423 conquiescere.
665 353 762 420 Neque
772 355 848 406 enim
860 354 964 407 maiori

149 422 221 475 mibi
233 423 415 478 admirationi
430 441 491 478 esse
508 426 602 477 solent
616 424 763 476 clarissimi
778 422 908 476 bominis
919 441 965 477 res

151 500 248 560 gestae
258 495 396 558 acvistus,
408 510 464 546 non
472 496 564 547 solum
575 495 605 546 in
615 494 676 546 luce
684 495 805 562 patriae,
816 494 869 546 sed
877 496 965 547 etiam

149 564 179 614 in
191 579 340 631 congressu
352 564 473 617 hostium
484 566 612 632 cognita,
633 581 716 633 quam
732 565 788 619 fuit
803 564 858 616 illa
869 565 903 616 in
914 564 967 615 filii

150 640 251 695 morte,
263 633 407 686 Praetoris
418 634 569 702 designati,
578 636 607 686 in
619 634 709 686 oeulis
721 635 848 686 omniurn
859 635 964 688 civium

150 702 289 755 fortitudo
303 704 453 757 declarata.
488 705 578 771 Atque
588 701 686 756 borum
697 704 815 773 egregia
824 705 856 755 in
869 704 966 759 dome·

150 772 229 824 stieis
241 774 361 825 mmeriis
370 780 453 842 atque
462 775 603 826 aerumnis
613 773 741 826 facinora
751 778 799 842 qui
809 774 929 828 fortiter
937 774 965 825 in

151 842 265 895 civitate
274 850 374 896 nostra
387 840 493 895 imitati
502 844 572 906 sint,
592 859 725 911 casusque
746 845 884 897 fortunae
902 860 965 914 gra-

149 912 282 965 vissimos
297 912 497 982 patientissime
513 913 648 977 tulerint,
669 929 728 965 non¹
741 913 860 966 difficile
874 914 966 968 ,faedi
1023 935 1026 947 ·

150 982 283 1036 oratione
294 983 449 1052 complecti.
484 981 557 1049 Nam
570 990 600 1037 et
610 987 642 1048 Q.
652 983 777 1036 Marcius
787 984 863 1047 Rex,
879 999 963 1050 quum

149 1052 264 1107 unicum
275 1064 410 1106 summae
416 1053 533 1120 pietatis
547 1068 728 1122 summaeque
740 1053 859 1107 virtutis
869 1055 964 1110 filium
1024 1110 1025 1115 ἵ

150 1122 300 1186 amisisset,
311 1123 601 1189 doloremprudentia
611 1124 739 1190 pervicit,
750 1129 779 1175 et
786 1138 823 1175 ee
834 1123 903 1189 ipso
911 1122 965 1185 die,

151 1205 206 1258 quo
219 1191 271 1256 filii
280 1207 380 1261 rogum
391 1200 549 1261 spectarat,
560 1197 666 1245 curiam
682 1194 831 1262 ingressus
843 1201 899 1255 est,
917 1192 963 1244 Se·

149 1268 299 1329 natumque
311 1262 394 1313 iussit
405 1263 561 1317 convenire,
581 1265 697 1316 Crassus
707 1277 782 1325 vero,
793 1262 826 1321 in
837 1278 874 1316 co
887 1277 962 1330 prae·

149 1328 200 1392 lio,
213 1330 288 1399 quod
299 1346 362 1385 eum
372 1330 484 1385 Parthis
494 1333 643 1396 commisit,
663 1334 756 1385 occiso
767 1333 961 1396 dilatantem

150 1399 241 1452 abfuit
255 1406 288 1452 ut
302 1400 422 1466 doleret,
441 1408 473 1453 ut
492 1403 579 1455 etiarn
589 1403 745 1457 exereitum
761 1401 962 1469 increpaverit,

122 1529 125 1534 ⁴
149 1471 225 1538 quod
236 1472 317 1524 unius
328 1472 428 1538 militis
438 1473 549 1526 iactura
564 1480 711 1541 tantopere
725 1478 962 1537 commoveretur,

150 1536 333 1608 hortatusque
344 1542 391 1604 sit,
402 1548 443 1605 ut,
453 1545 563 1609 patriae
574 1545 686 1596 virtutis
695 1557 844 1605 memores,
855 1558 910 1611 pro
921 1558 962 1595 re·

150 1610 266 1734 Ειὼῑίοα
275 1608 391 1663 fortiter
400 1611 576 1678 dimicarent,
597 1612 650 1666 lilii
660 1615 765 1666 mortui
776 1613 918 1667 ultionem
927 1613 962 1666 si·

172 1682 179 1730 i
195 1681 244 1732 uni
257 1679 455 1750 relinquerent
491 1681 547 1736 Sed
563 1684 703 1751 antiquior
715 1683 747 1736 Ρ.
762 1681 899 1746 armus,
920 1683 969 1735 vir.

152 1748 247 1802 danus
258 1757 286 1804 et
299 1751 478 1814 Consularis,
487 1750 520 1803 Ρ.
531 1754 627 1805 crassi
644 1753 698 1804 filii
709 1760 832 1806 aionem
844 1760 876 1805 et
888 1752 962 1807 vidit
1024 1747 1025 1806 ἷ

151 1826 183 1872 et
191 1819 414 1874 moderatissime
425 1821 499 1873 tulit.
532 1822 592 1876 Nec
602 1821 637 1875 ab
647 1824 710 1876 eius
719 1822 803 1874 laude
813 1822 919 1885 abfuit,
930 1836 964 1875 ao

151 1888 276 1942 fortasse
288 1891 389 1943 Crasso
404 1892 561 1958 praestitit,
583 1894 631 1944 Cn.
643 1892 758 1959 caepio,
778 1892 829 1958 qui
843 1893 964 1961 Caepio·
1024 1905 1025 1918 ³

151 1972 215 2012 nem
227 1959 316 2010 lilium
327 1960 476 2028 naufragio
488 1962 664 2029 absumptum
678 1961 721 2013 ita
736 1976 791 2012 non
804 1961 913 2025 doluit,
930 1967 963 2013 ut

152 2044 215 2081 eum
227 2044 261 2080 ne
273 2029 373 2083 leviter
386 2030 496 2099 quidem
509 2031 615 2084 evultu
625 2037 676 2083 aut
686 2031 747 2082 ulla
757 2032 889 2097 corporis
902 2046 963 2100 par·

150 2105 181 2154 ta
197 2104 368 2149 commotum
381 2116 400 2152 e
420 2100 606 2152 familiaribus
627 2101 772 2167 quisquam
791 2100 853 2152 ullo
873 2106 962 2169 ,pacto

152 2168 281 2229 senserit.
301 2167 361 2222 lam
373 2165 440 2236 quid
450 2169 576 2233 Pisones,
588 2168 748 2233 scaevolas,
758 2169 876 2233 Brutos,
887 2171 963 2225 Mar·

152 2236 251 2299 cellos,
262 2236 404 2301 Metellos,
419 2237 553 2305 Lepidos,
562 2240 687 2294 Aufidios
698 2240 876 2293 enumerem}
896 2255 963 2308 qum

112 2315 114 2320 '
152 2321 214 2359 rum
230 2305 478 2374 singulipluribus
493 2310 603 2362 amissis
621 2308 745 2370 liliisnel
760 2311 900 2362 uxoribus
918 2307 960 2366 vel

153 2375 330 2441 parentibus,
351 2391 403 2427 nee
412 2376 565 2445 lugendum
576 2380 786 2442 existimarunt,
801 2386 832 2431 et
843 2396 923 2432 suam
934 2380 963 2430 iu

153 2443 271 2494 illorum
290 2444 433 2497 funeribus
448 2447 580 2502 virtutem
596 2456 682 2517 atque
698 2450 888 2504 constantiam
908 2463 964 2501 non

153 2512 209 2590 sibi
219 2512 319 2575 solum,
329 2513 378 2565 sed
391 2515 477 2567 etiam
489 2518 588 2585 generi
597 2520 756 2589 nonnisique
765 2519 895 2586 Romano
905 2519 963 2586 glo·

153 2591 259 2630 mosam
269 2579 330 2632 fore
341 2589 519 2648 putaverunt.
553 2588 645 2644 Pudet
654 2591 684 2646 in
694 2590 818 2641 virorum
830 2588 962 2657 gravissi·

153 2645 206 2697 mis
217 2649 328 2704 casibus
342 2657 502 2721 repetendis
515 2656 641 2732 longiori
655 2662 698 2730 uti
712 2659 856 2725 bradone,
878 2674 963 2730 quoue
1024 2723 1025 2746 ἶ
