2084 3025
65 200 68 203 .
237 136 318 187 LlB.
337 136 375 187 ll.
403 137 485 191 CAP.
497 138 540 192 63.
552 139 648 195 (libb.
792 141 842 198 loo

44 242 133 298 Tanta
144 238 297 305 putabatur
308 238 420 291 utilitas
430 241 535 308 percipi
546 257 581 294 ex
590 242 688 302 bobus,
704 248 736 293 ut
747 257 843 297 eorum

44 309 194 359 visceribus
209 308 285 358 vesci
299 307 390 359 scelus
401 306 557 362 baberetur.
594 310 693 362 Lxrv.
715 310 843 379 Longum

43 385 83 429 est
94 378 235 427 mulorum
247 376 377 443 persequi
386 378 537 441 utilitates,
559 385 588 434 et
598 381 752 443 asinorum3
775 395 845 446 quac

43 443 116 498 certe
128 446 165 496 ad
176 443 318 496 hominurn
329 461 408 495 usum
418 455 533 512 paratae
543 455 615 501 sunt.
644 445 704 502 100.
714 449 768 501 Sus
778 463 844 500 vero

43 516 108 581 quid
118 513 214 576 babet,
223 516 453 580 praetereseami
469 517 519 568 Cui
530 517 647 584 quidem,
663 533 697 568 ne
707 524 845 585 putresee-

43 591 97 644 rct‚
117 584 242 636 animam
252 585 341 650 ipsam
352 598 403 649 pro
419 585 478 637 sale
495 585 590 638 datam
606 587 673 637 dicit
688 603 748 638 esse
758 586 845 654 Chry·

43 654 144 719 sippus.
177 652 241 713 Qua
270 652 365 713 eeude‚
381 654 525 719 quoderat
536 655 572 706 ad
582 655 746 706 vescendum
757 653 845 705 bomi-

44 723 121 773 nibus
132 727 209 787 apta,
221 736 249 769 m
270 722 289 771 'l
300 722 396 788 genuit
406 730 506 775 natura
514 722 667 776 fecundius.
691 723 764 785 Quid
776 724 845 774 mul·

42 790 656 858 titudinemsuavitatemquepiseiumdicaml
667 792 731 859 quid
738 791 846 843 aviumi

11 893 13 900 ,
43 865 77 911 ex
90 859 189 925 quibus
200 866 281 911 tanta
291 860 442 925 percipitur
451 860 589 927 voluptas,
600 868 631 911 ut
637 860 776 913 interdum
781 860 846 911 Pro·

42 942 113 979 noea
127 934 240 990 nostra,
262 928 401 993 Epicurea
419 928 506 981 fuisse
519 930 657 988 videatur.
694 930 783 995 Atque
793 928 846 982 hae
886 973 890 978 .

41 1013 75 1049 nc
91 1004 262 1063 caperentur
279 997 402 1063 quidem,
421 999 476 1050 nisi
490 997 631 1050 bominum
646 998 754 1050 ratione
765 1004 847 1064 etque

40 1066 179 1118 sollertia.
217 1066 390 1133 Quamquam
411 1083 476 1120 asca
493 1067 640 1134 quasdam,
661 1074 689 1120 et
704 1067 798 1131 alites,
818 1075 848 1120 et

41 1137 159 1197 oscines,
173 1142 206 1185 ut
216 1136 306 1186 nostri
317 1151 436 1202 augures
446 1137 596 1203 appellant,
610 1152 700 1189 rerum
713 1152 847 1204 auguran-

41 1205 139 1256 darum
162 1220 264 1255 caussa
283 1220 343 1256 esse
358 1211 439 1256 natas
454 1213 605 1271 putamus:
627 1203 687 1259 161.
707 1205 765 1257 lam
781 1221 847 1257 vero

40 1273 180 1327 immanes
192 1280 221 1325 et
232 1272 307 1326 ieras
316 1273 425 1326 belluas
436 1275 622 1325 nanciscimur
631 1275 767 1335 venando,
777 1281 809 1324 ut
821 1280 849 1326 et

41 1358 191 1395 vescamur
200 1344 250 1405 iis,
269 1351 297 1395 et
308 1358 487 1397 exerceamur
496 1343 525 1393 in
537 1342 661 1395 venando
673 1344 708 1396 ed
719 1343 851 1394 similitu-

43 1411 135 1465 dinem
147 1413 271 1464 bellicae
281 1412 451 1478 discipliuae,
467 1419 496 1465 et
504 1418 615 1466 utamur
624 1413 738 1463 domitis
749 1418 776 1464 et
788 1428 849 1463 con·

43 1481 210 1544 docciactis,
220 1488 252 1535 ut
262 1477 430 1549 elephantis:
446 1482 591 1549 multaque
601 1497 636 1535 ex
647 1496 740 1535 earum
753 1494 848 1548 corpo·

42 1553 118 1603 ribus
130 1551 258 1604 remedia
267 1552 373 1603 morbis
388 1558 417 1605 et
426 1552 588 1605 vulneribus
597 1552 755 1612 eliciamus,
776 1550 849 1602 sicut

42 1636 75 1672 ex
85 1620 258 1691 quibusdam
273 1621 404 1689 stirpibus
420 1627 447 1673 et
457 1619 564 1683 herbis,
585 1618 848 1701 quarumutilitates

42 1688 191 1764 longinqui
202 1689 337 1759 temporis
348 1707 398 1742 usu
411 1697 439 1742 et
450 1689 658 1757 periclitatione
668 1686 848 1759 percepimus.

42 1756 143 1812 Totam
154 1759 227 1810 licet
237 1758 345 1823 animis,
355 1767 496 1826 tamquam
504 1757 601 1827 oeulis,
611 1758 731 1809 lustrare
737 1763 848 1816 terram,

43 1830 189 1895 mariaque
201 1827 312 1880 omnial
333 1844 429 1882 cernes
442 1828 500 1885 iam
518 1827 611 1896 spatia
620 1826 756 1894 frugifera
767 1830 849 1893 atquc
880 1846 885 1853 -

43 1894 180 1950 inmensa
193 1912 369 1962 camporum,
391 1899 563 1965 vestitusque
578 1896 756 1949 densissimos
774 1910 849 1946 mon·

44 1964 118 2030 tium,
131 1965 273 2034 pecudum
282 1974 388 2034 pastus,
398 1972 457 2018 turn
467 1967 627 2021 incredibili
636 1981 731 2018 cursus
742 1965 848 2021 mariti·

45 2044 100 2085 nos
122 2037 283 2088 celeritate.
298 2087 301 2091 ,
319 2033 379 2088 162.
398 2035 458 2088 Nee
479 2051 546 2089 vero
563 2049 651 2101 supra
670 2041 782 2096 terrant,
800 2033 849 2086 sed

43 2104 126 2159 etiam
137 2106 169 2155 in
180 2105 289 2166 intimis
303 2104 363 2156 eius
373 2104 496 2157 tenebris
509 2104 692 2172 plurimarum
706 2118 798 2154 rerum
811 2103 849 2155 lu·

43 2176 85 2225 tet
94 2175 217 2236 utilitas,
238 2188 317 2240 quae,
333 2173 370 2224 ad
380 2189 460 2226 usum
471 2171 614 2227 hominurn
625 2180 696 2235 orta,
716 2172 750 2224 ab
761 2170 847 2226 homi·

40 2241 363 2294 smussolisinvenitur.
434 2242 438 2251 '

94 2310 185 2364 LXV.
206 2311 281 2362 illud
291 2316 367 2374 vero,
384 2310 458 2380 quod
467 2315 584 2379 uterque
594 2312 717 2365 uestrum
729 2308 849 2359 fortasse

42 2379 160 2448 cripiet
171 2379 209 2431 ad
218 2379 489 2447 reprehendendum:
507 2382 599 2440 Cotta,
616 2379 681 2447 quia
692 2375 847 2429 Carneades

42 2446 167 2504 ilbenter
176 2451 210 2499 in
220 2449 331 2503 Stoicos
341 2448 538 2503 invehebaturs
557 2446 690 2509 Velleius,
705 2442 850 2512 quianibil

43 2525 102 2570 tam
112 2517 216 2571 irridet
226 2519 374 2585 Epicurus,
385 2532 466 2586 quarn
476 2516 696 2589 praedictionem
707 2524 799 2564 rerum
809 2508 851 2556 iu·
930 2519 932 2523 ·

45 2592 189 2639 marum:
206 2587 275 2638 mini
284 2588 396 2640 ridetur
404 2590 450 2640 vel
459 2586 582 2639 maxime
593 2584 766 2639 confirmare,
779 2574 851 2652 Deo·

24 2663 112 2710 'ram
127 2656 310 2725 providentia
323 2657 433 2715 consuli
445 2654 530 2708 'rebus
545 2651 690 2729 humanis„
703 2696 705 2703 ,
717 2648 769 2697 Est
779 2652 852 2713 emm
915 2664 924 2673 ·
