2084 3025
231 95 239 100 ’
268 135 347 192 nin.
365 137 386 192 1.
424 137 508 193 cnr.
528 135 572 194 so.
590 137 634 194 ss.
804 135 857 191 sos

48 243 162 315 paribus
170 243 316 296 'aetatibus
327 243 496 307 tribuuntur,
517 244 630 311 aliaque
640 247 706 295 sunt
716 241 858 305 iuvenum,
953 303 958 316 Ι

47 315 105 367 alia
114 313 270 365 seniorum:
291 313 399 380 aliquid
415 315 500 366 mam
520 314 555 366 de
566 312 808 367 hacdistinctione
819 312 858 363 dl·
916 317 927 322 “

48 384 164 438 cordum
174 390 228 436 est.
265 383 317 434 Est
333 384 419 451 igitur
435 385 636 448 adolescentis,
657 385 777 435 maiores
788 388 858 434 natu

48 455 148 514 reteri,
168 467 258 521 exque
269 452 314 504 his
327 454 450 522 deligere
461 455 583 521 optimos
594 461 623 507 ot
633 453 858 522 probatissimos.

0 524 1 527 ’
50 523 701 593 quorumoonsilioatqueauctoritatesitatur.
736 522 859 575 ineuntis

50 595 124 646 enim
134 594 239 645 aetatis
250 594 372 655 inscitia,
383 609 478 646 senum
491 593 688 646 constituenda
698 598 727 644 et
736 590 861 659 regenda

44 663 264 729 'prudentiaest
300 661 422 715 Maxime
433 671 525 715 autem
538 663 607 715 haec
617 668 696 715 aetas
711 657 728 712 a
738 660 860 712 libidini-

50 732 103 783 bus
120 732 243 782 arcenda
258 739 315 792 est,
336 734 544 802 exercendaque
559 733 588 783 in
605 733 702 783 labore
713 731 861 798 patientiu-

45 816 104 868 que
119 806 149 851 et
164 799 250 849 animi
267 806 296 851 et
310 802 449 866 eorporisz
470 811 610 854 uteorum
621 809 651 854 et
665 803 693 852 in
706 799 818 853 bellicis
833 806 862 852 et

50 871 81 922 in
101 868 232 921 civilibus
253 868 351 921 ciliciis
372 870 468 936 vigeat
487 870 635 922 industria.
671 872 760 937 Atque
775 869 862 922 etiam

52 955 135 1008 qum
149 938 279 991 relaxare
295 939 402 991 animos
414 947 443 992 et
453 940 522 992 dero
536 956 567 992 se
576 939 745 992 iucunditati
758 939 863 1003 volent,

50 1013 171 1061 careant
192 1009 451 1075 intemperantiam,
472 1010 648 1062 meminerint
663 1007 862 1072 verecundiam

49 1079 127 1146 wod
138 1079 194 1129 erit
203 1078 323 1141 facilius,
337 1079 401 1130 siin
412 1079 548 1131 eiusmodi
560 1079 700 1149 [qtridem]
710 1080 794 1132 rebus
805 1092 863 1130 ma·

51 1149 126 1200 iores
142 1156 209 1198 natu
224 1150 359 1202 interesse
375 1149 470 1201 velint.
507 1147 566 1203 123.
585 1150 700 1203 Senibus
717 1155 811 1202 autem
823 1149 863 1200 la·

52 1217 134 1270 bores
142 1220 272 1284 corporis
282 1219 433 1281 mouendi,
454 1221 670 1276 exercitationes
681 1220 768 1271 animi
779 1219 864 1269 etlam

51 1288 196 1355 augendae
206 1289 352 1355 videntum
373 1290 542 1342 dandarero
554 1305 649 1358 opera,
666 1296 699 1340 ut
709 1296 739 1341 et
750 1289 864 1348 amicos,

53 1366 82 1412 et
96 1360 282 1420 iuventutem,
303 1366 331 1410 et
342 1361 464 1412 maxime
478 1361 680 1427 rempublicam
700 1357 818 1409 consilio
836 1363 866 1407 et

52 1428 204 1496 prudentia
225 1444 308 1495 quam
329 1429 478 1497 plurimum
501 1431 642 1483 adiuvent.
679 1426 759 1480 Nihil
772 1431 866 1477 autem

51 1499 148 1568 magis
163 1499 317 1553 carendum
328 1505 372 1553 est
383 1503 535 1565 senectuti,
555 1516 639 1569 qnam
650 1516 684 1552 ne
695 1495 824 1565 languori
836 1509 867 1547 ss

54 1569 233 1637 desidiaeque
245 1571 337 1623 dedat.
373 1571 501 1623 Luxuria
516 1585 678 1638 veroquam
690 1568 767 1620 omni
778 1564 868 1617 aetati

52 1640 160 1707 turpis,
181 1648 242 1691 tum
252 1643 391 1694 senectuti
402 1640 569 1693 foedissima
579 1646 631 1693 est.
668 1638 717 1691 Sin
728 1643 824 1689 autem
834 1634 868 1685 li·

53 1710 182 1765 bidinum
193 1713 280 1763 etiam
292 1712 510 1779 intemperantia
522 1710 683 1771 accesserit,
698 1708 801 1774 duplex
811 1720 868 1757 ma·

53 1780 111 1832 lum
129 1787 186 1846 est3
208 1780 282 1848 quod
298 1784 398 1849 etipsa
411 1789 542 1834 senectus
552 1781 674 1847 concipit
685 1778 818 1838 dedecus,
838 1783 867 1829 et
881 1791 892 1803 “

53 1850 128 1902 facit
136 1851 356 1904 adolescentium
368 1852 601 1921 impudentiorem
613 1848 865 1917 intemperantiam.

52 1918 115 1974 -124,
134 1923 174 1973 Ac
190 1922 312 1973 nae-illud
325 1924 436 1989 quidem
452 1923 574 1976 alienum
592 1927 648 1984 est,
668 1920 702 1972 de
718 1918 867 1987 magistra·

51 1997 141 2055 mum,
147 1991 183 2043 de
188 1994 370 2059 privatorum
381 1995 492 2055 civium,
499 1993 534 2047 de
543 1992 752 2061 peregrinorum
765 1987 865 2041 officiis

52 2061 156 2114 dicere.
193 2062 247 2112 Est
256 2063 346 2130 igitur
354 2065 496 2131 proprium
508 2076 607 2114 munus
616 2061 809 2128 magistratus,
825 2057 866 2107 in·

51 2132 200 2199 telligere‚
222 2148 252 2184 se
272 2148 370 2200 gerere
384 2148 532 2201 personam
550 2132 687 2192 civitatis,
709 2130 865 2194 debereque

51 2202 112 2254 eius
121 2202 295 2269 dignitatem
305 2211 334 2255 et
344 2204 429 2256 decus
440 2205 586 2265 sustinere,
605 2217 717 2254 servare
728 2200 815 2269 leges,
825 2197 865 2247 iu·

50 2272 279 2335 radescribere,
299 2288 334 2324 ea
354 2274 421 2327 fidei
439 2290 506 2327 suae
529 2274 677 2325 commissa
698 2268 865 2322 meminisse.

48 2339 198 2395 Privatum
215 2348 308 2395 autom
327 2350 439 2413 oportet
456 2359 544 2411 aequo
560 2350 590 2395 et
604 2343 666 2409 pari
681 2356 742 2392 cum
760 2337 866 2390 civibus

48 2412 113 2463 iure
122 2412 231 2474 rivere,
251 2428 339 2480 neque
349 2415 517 2466 submissum
529 2420 557 2465 et
567 2413 716 2472 abiectum,
736 2421 825 2484 neque
835 2418 866 2455 se

50 2481 231 2534 efferentem:
242 2485 335 2534 tumin
344 2484 489 2551 republica
500 2499 535 2536 ea
544 2482 626 2545 velle,
634 2494 704 2550 quae
714 2472 867 2552 tranquilli*

50 2557 81 2602 et
101 2549 224 2602 honesta
238 2553 304 2605 sint.
340 2555 440 2606 Talem
456 2555 529 2605 enim
545 2558 575 2605 et
589 2551 694 2603 sentiro
707 2547 811 2595 bonum
828 2554 864 2590 ci·
900 2609 912 2615 ἱ

52 2636 125 2682 vem,
137 2627 167 2672 et
177 2621 270 2674 dicere
282 2624 412 2676 solemus.
449 2620 508 2676 125.
525 2618 669 2688 Peregrini
679 2620 772 2666 autem
783 2614 868 2689 atoue

49 2690 167 2742 incolae
187 2690 310 2746 officium
330 2699 388 2758 est,
408 2693 477 2746 nihil
498 2698 611 2762 praeter
629 2699 709 2735 suum
723 2684 867 2747 negotium
901 2714 904 2719 ⁴

88 2761 152 2815 cic.
165 2762 274 2816 0le
446 2760 453 2805 ἰ
610 2756 659 2806 0⁰
