2084 3025
136 248 139 254 .
188 147 269 243 aar
370 217 374 222 ·
406 178 463 235 on
481 174 773 234 oivrusrmun

190 302 348 343 osuriou
367 294 449 338 nsss
470 290 605 337 vinnm.
641 282 716 336 Tum
729 280 788 346 ille,
809 293 948 344 pietro,
967 296 1000 334 ss

190 368 396 413 rasouurus.
432 354 649 407 Piscuurus.
685 347 999 415 Quneavesioutubii

190 427 302 488 Attulit,
321 424 421 491 inquit,
440 424 469 474 in
481 436 566 474 caveo
575 423 667 490 pullos
676 420 710 487 is,
725 423 819 490 quiex
829 436 863 473 eo
875 422 938 487 ipso
950 436 1000 472 uo⁴

190 497 315 548 uniuntur
325 494 467 561 pullarius
490 494 553 545 Has
563 499 628 544 sunt
637 493 725 561 igitur
735 506 800 543 aves
809 490 999 543 internuntios

192 565 278 618 locist
301 576 371 631 quac
382 568 540 630 munstur,
555 576 650 625 necne,
665 561 734 629 quid
743 559 846 613 referti
873 558 951 615 Nihil
962 556 1001 611 ad

193 634 330 702 auspicia:
350 633 402 685 scd
412 634 485 700 quia,
497 646 579 699 quum
590 637 750 698 pascuntur,
759 644 873 685 neccsse
883 636 935 693 cst,
947 626 1000 681 aii·

193 704 307 773 quidex
321 718 370 755 oro
385 703 501 764 cadere,
521 709 551 753 et
565 707 670 753 terram
689 701 799 768 parire,
818 699 1001 767 terripavium

193 771 293 842 primo,
302 781 367 840 post
377 771 562 839 terripudium
573 771 679 822 dictum
690 778 746 823 est:
757 769 811 822 hoc
821 769 933 837 quidem
942 768 1001 820 iam

194 843 347 910 tripudium
357 842 469 894 dicitur.
505 843 597 905 Quum
618 842 706 909 igitur
718 840 776 892 oiiu
791 839 892 892 cecidit
901 853 938 891 ex
951 853 1002 890 ors

174 912 179 931 ¹
195 914 343 982 pullutum
353 912 511 978 auspicanti
520 910 673 978 tripudium
682 910 851 962 solistimum
861 910 1002 961 nuntiant.

194 979 312 1040 XXXV.
321 981 366 1034 73.
379 982 455 1048 Ergo
467 979 519 1032 hoc
530 981 683 1047 auspicium
695 981 783 1031 divini-
791 980 941 1047 quidquam
954 976 1003 1029 hu·

194 1054 262 1110 isere
282 1057 387 1117 potest,
405 1048 479 1117 quod
499 1056 557 1101 tam
578 1051 616 1102 sit
632 1055 760 1102 coactum
777 1057 807 1102 et
821 1042 1003 1115 expressum!

195 1122 257 1185 Quo
269 1120 478 1187 antiquissimos
488 1134 608 1188 augures
620 1134 676 1171 non
686 1133 748 1172 esse
758 1134 834 1181 usos,
855 1133 1004 1188 argumen-

193 1198 225 1247 to
232 1197 284 1253 ost,
295 1189 369 1257 quod
379 1187 520 1241 dometium
527 1188 642 1257 collegii
651 1189 881 1250 vctushabemus
890 1198 1003 1240 omnem

195 1272 275 1316 nvom
289 1257 441 1325 tripudium
457 1257 551 1312 iacere
563 1274 654 1325 posse.
689 1261 762 1313 Tum
771 1259 862 1327 igitur
869 1263 945 1310 esset
955 1272 1005 1309 au·

194 1329 324 1398 spicium,
331 1329 357 1378 si
367 1326 451 1380 modo
462 1330 489 1382 ci
500 1328 711 1394 assecuturum,
721 1345 752 1383 se
762 1328 933 1393 ostendisse3
943 1334 1004 1383 tum

194 1399 255 1452 ai¹is
274 1398 326 1450 iila
345 1397 435 1462 uideri
455 1405 552 1464 posset
575 1398 714 1468 interpres
734 1405 763 1453 ct
782 1398 897 1455 satelles
918 1398 1004 1451 lovis.

195 1468 361 1531 Nouiorum,
380 1467 528 1520 inclusam
538 1484 625 1521 cavea
635 1475 664 1523 et
675 1470 750 1523 fame
759 1474 866 1538 enecta,
887 1466 913 1520 si
923 1467 1007 1520 inof-

195 1540 252 1598 fanr
264 1539 351 1606 pultis
359 1537 476 1601 invadit,
489 1545 518 1590 et
528 1539 554 1589 si
564 1540 716 1607 aliquid-ex
727 1555 777 1593 oro
787 1536 965 1601 ceciditlroo
973 1546 1008 1591 tu

195 1609 356 1676 auspicium,
363 1614 411 1659 aut
422 1607 478 1660 hoe
487 1608 570 1660 modo
581 1608 729 1661 Romulum
738 1609 878 1676 auspicari
887 1609 1009 1661 solitum

195 1679 294 1747 putasi
329 1678 373 1731 r4.
392 1677 449 1729 ium
466 1678 500 1730 de
516 1679 595 1730 caelo
612 1694 725 1731 serrare
742 1694 798 1731 non
815 1680 894 1746 ipsos
906 1694 1009 1731 censcs

196 1750 309 1812 solitos,
318 1747 367 1816 qui
376 1747 614 1815 auspicabantur?
627 1749 711 1819 'Nunc
721 1747 860 1816 imperant
870 1748 1007 1815 pullario.

195 1819 248 1872 liic
259 1819 407 1872 renuntiat.
419 1818 536 1870 Fulmen
545 1817 689 1871 sinistrum
699 1820 853 1887 auspicium
865 1818 1006 1885 optimum

196 1886 330 1944 iubemus
348 1888 385 1939 ad
404 1902 500 1940 omues
519 1903 578 1951 ros,
599 1895 794 1956 praeterquam
814 1888 851 1940 ad
873 1889 1008 1941 comitia:

196 1958 271 2029 quod
287 1958 398 2025 quidem
416 1958 576 2009 institutum
593 1959 763 2027 reipublicae
778 1973 880 2011 caussa
894 1965 953 2021 est,
975 1966 1012 2012 ut

197 2028 384 2089 comitiorum,
400 2028 445 2080 vel
455 2029 485 2080 iu
494 2028 606 2079 iudiciis
616 2029 721 2096 populi,
730 2029 777 2081 vel
785 2029 815 2080 in
823 2027 884 2080 iure
895 2028 1009 2097 legum,

195 2097 242 2150 sel
252 2098 284 2147 in
293 2097 420 2150 creandis
431 2097 655 2163 magistratibus,
675 2100 815 2166 principos
826 2098 954 2151 civitatis
964 2114 1009 2150 es·

195 2172 258 2221 scot
268 2167 443 2234 interpretes.
465 2168 503 2218 Ac
512 2168 558 2219 Ti.
569 2167 690 2220 Gracchi
700 2169 804 2222 litteris
814 2167 912 2234 Scipio
920 2174 952 2221 ei
960 2167 1008 2221 Fi·

197 2236 278 2304 gulos
285 2237 370 2298 Coss,
381 2250 590 2306 quumaugures
598 2237 781 2302 indicassent,
790 2252 839 2291 eos
848 2238 919 2289 vitio
931 2253 1009 2292 orca·

196 2314 243 2357 ins
255 2319 323 2369 csse,
334 2305 499 2371 uragistratu
508 2321 540 2358 se
550 2307 763 2361 abdicaverunt.
778 2308 849 2371 Quis
859 2316 949 2377 negat
959 2323 1009 2360 au·

198 2389 298 2442 gurm
309 2374 484 2441 disciplinam
495 2376 572 2428 esset
590 2376 799 2431 Divinationem
809 2392 892 2446 nego.
910 2379 948 2432 At
958 2376 1009 2431 ho·

197 2444 321 2511 ruspioes
343 2443 444 2495 diuini:
468 2458 536 2511 quos
556 2461 640 2515 quum
660 2448 704 2498 Ti.
722 2446 866 2500 Gracchus
887 2454 1010 2516 propter

133 2566 138 2570 .
196 2520 316 2568 mortem
329 2513 504 2580 repentinam
520 2516 591 2577 eius,
612 2516 660 2582 qni
673 2516 707 2567 in
719 2516 920 2584 praerogativa
934 2517 1010 2571 reie-

173 2625 177 2628 .
195 2583 284 2638 reuda
295 2584 389 2636 subito
406 2582 586 2645 concidisset,
606 2585 636 2635 in
646 2583 780 2639 Senatum
789 2586 1010 2654 introduxisset,

194 2667 250 2706 uon
260 2653 363 2707 iustum
374 2660 535 2721 rogatorem
546 2652 635 2705 fuisse
644 2654 782 2709 dixerunt.
820 2656 864 2709 75.
879 2656 1010 2710 Primum

193 2719 357 2795 ridelueiu
367 2735 431 2800 eum
440 2721 578 2786 dixerim,
597 2723 927 2795 quirogstorcenmrias
938 2727 1010 2781 mrs-
