2084 3025
210 177 267 230 DE
286 130 484 233 amiciris
502 179 586 234 GAP.
604 178 701 234 2520.
824 178 860 233 61

6 320 8 323 ψ
38 282 196 355 popularis
208 282 349 352 suffragiis
359 285 457 350 populi
466 284 613 352 repudiata
624 291 675 336 est.
694 350 696 355 .
710 284 810 351 Atque,
828 289 861 336 ut

38 356 78 408 ad
91 369 141 406 me
153 353 281 417 redeem3
302 355 483 417 meministis,
504 357 537 417 Q·
548 355 684 416 Maximo,
704 353 793 406 fratre
803 353 860 405 Sci·

39 425 159 494 pionis,
181 430 210 475 et
223 423 255 474 L.
270 424 402 476 Mancino
414 425 595 488 Consulibus,
617 440 699 491 quam
715 423 861 491 popularis
955 462 961 473 r

40 498 93 549 lex
111 493 148 546 de
165 493 333 546 sacerdotiis
345 496 374 545 c.
386 495 489 545 licinii
499 495 592 546 crassi
608 495 767 546 videbatur!
790 496 860 546 Coo·

40 565 140 634 ptatio
152 564 226 614 enirn
240 564 422 631 collegiorum
439 564 474 616 ad
487 566 584 631 populi
593 565 758 617 beneficium
770 570 860 617 trans·

41 635 208 689 terebatur.
244 636 334 702 Atque
343 636 369 686 is
381 635 501 701 primurn
512 636 645 696 instituit,
656 636 687 686 in
697 633 789 686 lorum
801 650 860 686 ver·

4 696 6 717 '
41 721 107 768 sus,
128 714 215 769 agere
236 719 298 755 eum
319 705 433 771 populo.
470 707 577 757 Tamen
597 706 674 756 illius
688 705 861 757 vendibilem

43 774 211 827 orationem
226 775 327 840 religio
338 775 460 827 Deorum
477 775 695 838 immortalium,
717 775 798 827 nobis
816 774 862 826 de·

42 842 241 908 fendentibus,
263 843 345 896 faeile
366 845 506 898 vincebat.
541 848 633 914 Atque
653 844 691 897 id.
704 851 796 897 aetum
817 850 862 897 est

43 916 188 968 Praetere
199 929 251 976 me,
263 916 448 982 quinquennio
459 921 532 978 ante,
543 931 625 983 quarn
636 914 739 966 Consul
749 930 809 966 sum
820 914 861 965 ia·

46 991 125 1039 etus.
160 983 258 1052 ltaque
267 1000 297 1037 re
308 987 407 1053 niagis,
420 1003 501 1053 quam
513 987 690 1049 auctoritate,
704 1000 803 1036 caussa
812 984 863 1035 illa

47 1054 173 1108 defensa
183 1062 232 1106 est.
269 1055 370 1107 XXVl.
391 1059 433 1108 97.
445 1055 527 1118 Quod
539 1057 562 1107 si
573 1057 601 1107 in
613 1073 705 1119 scena,
723 1054 753 1106 id
764 1061 817 1117 est,
833 1053 862 1104 in

47 1125 202 1187 concione,
221 1126 250 1175 in
263 1141 318 1192 qua
327 1128 410 1179 rebus
426 1127 500 1179 lictis
510 1134 539 1179 et
554 1127 726 1178 adumbratis
736 1126 793 1178 loei
803 1125 863 1192 plu·

46 1196 156 1250 rimunr
173 1201 229 1257 est,
246 1201 341 1248 tamen
358 1212 454 1249 verum
469 1198 561 1261 valet,
583 1197 607 1248 si
618 1197 702 1249 modo
713 1196 743 1247 id
754 1194 862 1263 patefa-

49 1273 131 1319 ctum
142 1271 173 1316 et
182 1265 355 1318 illustratum
367 1274 422 1319 est:
444 1268 510 1335 quid
523 1269 551 1318 iu
568 1267 694 1319 amicitia
710 1266 771 1318 fieri
782 1280 863 1332 opor·

45 1342 103 1399 tet,
116 1350 187 1402 quae
198 1340 261 1387 tota
271 1337 392 1389 veritate
403 1336 599 1404 perpenditur!
608 1339 636 1387 in
646 1351 702 1403 qua
710 1337 773 1397 nisi,
784 1335 863 1385 utdi·

51 1408 136 1468 citur,
155 1411 282 1473 apertum
295 1414 391 1471 peetus
402 1408 509 1468 videas,
524 1413 659 1472 tuumque
670 1404 810 1467 ostendas,
821 1405 864 1454 ni·

49 1473 202 1539 hilarium,
223 1476 293 1527 nibil
314 1477 489 1544 exploratum
505 1475 624 1539 habeas3
645 1488 787 1528 neumare
805 1475 862 1542 qui-

52 1548 127 1609 dem,
148 1551 201 1597 aut
211 1547 314 1610 emari3
337 1563 429 1614 quum,
450 1547 479 1597 id
491 1562 574 1613 quam
585 1562 650 1598 vere
662 1546 721 1608 liat,
737 1547 860 1612 ignores.

52 1618 231 1683 Quamquam
248 1617 304 1667 ista
318 1619 486 1678 assentatio,
507 1617 636 1683 quamvis
647 1616 807 1684 perniciosa
817 1616 863 1677 sit,

51 1693 261 1739 noeeretamea
271 1689 373 1739 nemini
383 1694 491 1755 potest,
512 1688 566 1738 nisi
578 1688 613 1748 ei,
633 1687 679 1754 qui
691 1702 752 1739 eam
762 1685 864 1752 recipit

52 1763 142 1824 atque
153 1772 187 1808 ea
197 1756 361 1810 delectatur.
397 1758 441 1810 lta
450 1759 491 1820 fit,
507 1758 575 1808 ntis
586 1756 807 1810 assentatoribus
817 1770 863 1822 pa·

52 1826 176 1879 telaeiat
188 1842 270 1879 aures
281 1844 344 1879 suas
355 1830 489 1890 maxime,
509 1829 558 1895 qui
572 1828 632 1894 ipse
641 1828 695 1879 sibi
707 1833 865 1889 assentetur

54 1903 85 1951 'et
100 1911 131 1949 se
147 1896 268 1948 maxime
284 1898 343 1964 ipae
360 1897 487 1950 delectet.
524 1900 568 1950 98,
583 1899 703 1949 Omnino
713 1905 756 1951 est
769 1912 865 1948 amans

53 1965 101 2019 sui
111 1967 211 2018 virtus.
229 1968 340 2034 Optime
352 1968 423 2020 enim
434 1969 538 2035 seipsa
547 1969 633 2029 novit,
645 1984 780 2035 quamque
791 1983 866 2019 ama·
883 2019 888 2032 ,

51 2035 184 2098 bilissit,
204 2037 347 2104 intelligit.
382 2039 445 2107 Ego
463 2046 556 2090 autem
567 2053 623 2089 non
633 2038 668 2091 de
678 2039 783 2090 uirtute
794 2052 866 2089 nune

53 2107 169 2173 loquor,
189 2106 238 2157 sed
251 2107 285 2159 de
295 2108 406 2164 virtutis
419 2108 558 2174 opinione.
595 2108 708 2161 Virtute
718 2110 791 2161 enim
803 2109 867 2174 ipsa

54 2192 114 2228 non
134 2182 196 2226 tam
216 2177 299 2227 multi
318 2179 442 2244 praediti
463 2194 533 2241 esse,
553 2193 636 2245 quam
656 2179 745 2231 videri
758 2179 865 2229 volunt.

53 2248 120 2300 Hos
131 2245 255 2298 delectat
264 2249 432 2299 assentatio:
442 2247 487 2301 his
496 2249 578 2300 lictus
590 2248 625 2300 ad
637 2249 762 2316 ipsorum
769 2248 867 2300 volun·

52 2323 147 2369 tatem
163 2330 254 2368 sermo
270 2332 353 2383 quum
370 2316 530 2381 adhibetur,
552 2320 710 2371 orationem
725 2318 805 2370 illam
820 2331 867 2368 va·

54 2402 123 2440 uam
134 2386 325 2437 testimonium
337 2403 398 2439 esse
409 2387 521 2440 laudum
532 2404 645 2441 suerum
653 2393 760 2455 putant.
780 2386 868 2439 Nulla

55 2464 102 2511 est
114 2456 207 2523 igitur
221 2454 289 2508 baec
304 2458 445 2521 amicitie,
466 2474 549 2526 quum
566 2459 639 2510 aiter
656 2473 752 2510 verum
768 2456 866 2509 audire

53 2542 114 2579 non
135 2526 208 2589 vult,
230 2527 303 2579 alter
324 2528 359 2579 ad
380 2529 569 2581 mentiendum
590 2534 706 2595 paratus
720 2532 772 2579 est.
808 2526 868 2579 Ner

54 2591 246 2665 naiasitorum
256 2598 286 2647 in
301 2598 453 2650 comoediis
469 2598 622 2651 assentatio
637 2597 718 2651 nobis
727 2596 820 2649 faceta
828 2595 867 2647 si·

54 2667 183 2729 deretur,
194 2666 249 2719 nisi
260 2674 352 2719 essent
363 2668 469 2721 milites
480 2667 605 2736 gloriosi.

93 2736 216 2807 Magada
226 2754 289 2791 vero
301 2738 506 2810 ageregrdtiet
520 2736 606 2791 Tlais
615 2735 701 2791 milit

607 2807 661 2859 aa
760 2785 817 2854 f
