2084 3025
161 182 164 187 .
250 133 333 187 ΗΒ.
351 133 373 186 1.
410 131 616 189 ΟΛΡΑΗΒ.
791 133 827 187 45

29 239 84 292 Diis
98 238 307 290 immortalibus
318 238 476 304 opinionem
487 239 582 291 lictum
593 254 653 291 esse
669 235 704 290 ab
714 235 830 288 bomini·

30 311 74 360 bus
83 309 257 375 sapientibus
264 308 434 373 reipublicae
446 324 554 371 caussa,
566 316 605 371 ut,
616 308 765 376 quoeratlo
774 322 830 358 non

31 386 123 445 posset,
134 395 185 428 eos
197 378 234 427 ad
246 377 365 427 officium
376 378 475 445 religio
485 377 607 440 duceret,
617 393 708 429 nonne
720 390 828 428 omnem

32 449 189 514 religionem
211 446 338 497 funditus
358 449 548 498 sustuleruntl
577 447 665 511 Quid!
694 445 829 499 Prodicus

32 517 110 568 Ceust
132 517 180 582 qui
192 532 234 578 ea,
249 531 321 582 quae
332 516 496 581 prodessent
506 515 647 567 hominum
658 516 742 576 ritae,
757 515 830 567 Deo·

31 603 84 637 rum
96 587 124 636 in
134 600 251 636 numero
263 583 359 636 habita
370 600 431 637 esse
442 585 526 648 dixit,
548 601 628 652 qnam
644 586 754 636 tandem
767 583 830 636 reli·

30 656 135 723 gionem
145 654 276 720 reliquit?
312 652 371 706 110,
391 655 482 715 Quint
503 656 550 722 qui
562 663 610 706 aut
619 654 706 708 fortes
717 654 831 706 autela-

30 741 71 776 ros
82 731 130 774 aut
145 729 275 790 potentes
286 724 363 774 uiros
377 724 492 775 tradunt
508 731 698 790 postmortem
710 722 745 774 ad
755 723 831 775 Deos

29 794 192 861 peruenisse,
214 809 318 859 eosque
329 810 389 844 esse
400 794 490 859 ipsos,
510 809 579 861 quos
590 809 640 845 nos
651 795 752 854 colere,
771 807 831 860 pro·

29 864 95 924 cori,
115 864 296 928 venerarique
308 863 456 924 soleamus,
474 878 564 914 noane
575 869 704 929 expertes
715 870 779 914 sunt
790 876 831 913 re·

28 934 160 1000 ligionum
175 932 315 982 oniniuml
335 943 405 999 quae
421 933 497 983 ratio
513 932 634 984 maxime
654 938 778 982 tractata
796 930 831 982 ab

28 1001 181 1060 Euhemero
193 1007 249 1052 est:
271 1016 350 1067 quern
361 1007 456 1053 noster
467 1008 495 1054 et
507 1001 708 1067 interpretatus
718 1008 747 1052 et
757 1007 831 1052 seen

30 1080 70 1123 trus
80 1078 123 1122 est
133 1078 247 1136 praeter
258 1079 367 1121 ceteros
378 1071 492 1122 Ennius.
519 1071 561 1122 ab
572 1068 727 1122 Euhemero
737 1077 831 1122 nutem

29 1137 58 1193 et'
78 1147 184 1192 mortes
211 1146 240 1191 et
267 1140 426 1206 sepulturae
452 1138 675 1194 demonstrantur
698 1139 830 1193 Deorum.

29 1212 122 1262 Utrum
134 1210 222 1275 igitur
232 1207 279 1259 hie
291 1209 469 1260 confirmasse
479 1210 643 1277 religionem
654 1209 778 1270 ridetur,
797 1223 832 1260 an

29 1281 134 1347 penitus
146 1285 235 1329 totam
247 1278 412 1330 sustulisset
431 1278 537 1331 Omitto
548 1279 692 1342 Eleusina,
707 1286 832 1332 muctam

28 1351 101 1419 illam
112 1355 142 1399 et
153 1353 317 1415 augustam,

59 1447 93 1456 -
105 1418 154 1469 ote
165 1427 316 1470 castrantur
323 1419 419 1487 ge'nter
430 1433 539 1470 oramen
550 1417 677 1473 illiceat.-

28 1496 172 1557 praetereo
184 1485 414 1551 Samothraciam,
429 1502 531 1556 eaque,

49 1588 94 1611 .-—
106 1557 292 1624 quoe‘Lemm',

50 1627 201 1681 Noetrirno
212 1628 292 1680 aare
304 1624 418 1689 occulto,
428 1629 566 1691 coluntur,

50 1697 229 1750 -Silne'ttribu’
241 1698 360 1766 saepibu’
373 1697 463 1748 linea.

30 1769 131 1832 Quibus
146 1768 296 1834 explicatis
310 1768 347 1818 ad
362 1767 554 1833 rationemque
568 1764 723 1827 revocatis,
741 1780 831 1817 rerum

30 1839 115 1906 magis
136 1845 238 1888 natura
259 1837 446 1906 cognoscitur,
467 1851 550 1904 quam
566 1836 699 1888 Deorum.
734 1834 831 1887 XLlll.

32 1907 84 1960 120.
93 1907 174 1957 lllihi
187 1906 300 1973 quidem
317 1907 401 1958 etiam
412 1905 602 1969 Democritus,
621 1906 665 1957 sir
678 1920 793 1974 magnus
804 1907 831 1956 in

31 1978 131 2042 primis,
152 1978 228 2027 euius
239 1975 364 2028 lontibus
375 1976 512 2041 Epicurus
524 1975 651 2028 hortulos
660 1990 726 2027 suos
736 1976 833 2043 irriga·

31 2046 75 2106 rit,
97 2052 196 2096 nutare
210 2046 321 2097 ridetur
340 2046 373 2096 in
391 2051 492 2096 natura
506 2044 640 2097 Deorum.
676 2046 833 2097 Tumenim

23 2123 120 2166 censet
130 2116 269 2183 imagines
276 2115 424 2167 divinitate
430 2113 575 2179 praeditas
586 2115 677 2166 inesse
686 2114 714 2165 in
725 2114 832 2165 unirer·

31 2185 111 2236 ritate
121 2201 229 2235 rerum:
249 2192 309 2234 tum
323 2183 462 2250 principia
473 2183 581 2246 mentis,
595 2191 739 2251 quaesunt
749 2184 778 2235 in
789 2198 835 2235 eoa

32 2256 90 2305 (lem
102 2255 243 2315 universo,
253 2254 330 2304 Deos
342 2269 403 2304 csse
413 2253 492 2303 dicit:
503 2259 562 2303 tuni
574 2253 727 2304 animantes
736 2253 834 2318 imagi·

32 2339 83 2388 nes,
96 2339 168 2390 quae
179 2325 224 2374 rel
235 2323 367 2388 prodesse
377 2323 458 2374 nobis
469 2322 570 2384 solent,
586 2321 632 2374 rel
643 2336 754 2373 nocere:
774 2329 833 2372 tum

33 2392 153 2460 ingentes
165 2393 298 2460 quasdam
309 2393 452 2458 imagines,
464 2398 619 2458 tantasque,
633 2398 665 2442 ut
675 2391 833 2441 universnm

35 2463 159 2514 nundum
180 2463 402 2528 complectantur
418 2461 599 2512 extrinsecus.
635 2458 835 2525 Quaeqnidem

37 2535 121 2584 amnia
139 2539 204 2583 sunt
224 2532 316 2597 patriai
332 2531 500 2591 Democriti,
522 2544 603 2595 quam
619 2527 781 2579 Democrito
796 2524 837 2574 di·

36 2603 135 2668 gsiora.
173 2599 232 2652 121.
253 2601 323 2661 Quis
340 2600 414 2651 enim
428 2599 498 2650 istas
512 2598 650 2664 imagines
661 2590 839 2659 comprehen·
872 2599 880 2604 ’

36 2672 94 2727 lere
105 2672 200 2725 auimo
213 2669 324 2738 potestt
336 2668 398 2738 quis
408 2667 559 2719 adniirarii
572 2666 633 2733 quis
645 2670 694 2718 aut
706 2661 781 2713 oultn
792 2665 840 2709 aut
