2084 3025
180 152 238 206 na
253 151 448 221 imrcrrm
466 154 551 209 car.
566 152 611 211 ιι.
627 152 669 209 13.
792 154 826 209 at
902 119 906 129 ’

18 261 94 323 tias,
115 273 150 310 ne
162 258 322 327 accessesit
332 274 417 310 unum
432 259 585 311 sollicitum
596 275 657 313 esse
672 274 722 326 pru
739 260 826 327 pluri·

16 332 85 383 husi
107 328 177 380 satis
188 344 326 396 superque
337 345 398 381 esse
407 344 520 381 suarum
532 329 631 399 cuique
640 344 743 392 rerum,
759 330 826 382 alis·

17 401 62 451 nis
75 394 157 453 nimia
167 397 309 466 implicari
318 399 468 451 molestum
479 415 554 453 esse:
572 398 826 459 commodissimum

17 483 95 530 esse,
125 482 207 533 quam
226 468 386 520 laxissimas
404 467 527 521 habenas
548 467 651 522 habere
671 469 827 532 amicitiam

17 554 90 605 quas
102 538 148 587 rel
158 537 287 601 adducas,
309 552 393 606 quum
403 540 485 603 velis,
501 536 547 591 vel
563 540 701 591 remittas.
738 540 776 591 Ca
796 546 829 589 ut

16 608 94 661 enim
106 621 168 657 esse
179 606 215 658 ad
234 607 317 659 beate
332 608 479 659 vivendum
489 608 681 673 securitatem3
701 622 757 675 qua
770 555 829 659 hut

14 692 75 728 non
90 675 183 742 possit
196 677 320 738 animus,
340 677 366 727 si
380 683 522 744 tamquam
537 679 678 746 parturiat
692 692 764 728 unus
775 692 828 743 pru

16 744 158 814 pluribus.
194 745 238 815 46.
256 745 334 797 Alios
345 754 438 799 autem
449 747 543 800 dicere
554 747 633 800 aiunt
643 747 732 799 multo
743 748 830 799 etiam

15 815 210 879 inhumanius,
228 818 319 882 (quem
332 816 424 867 locum
435 816 558 868 breviter
568 816 722 884 perstrinxi
731 815 828 883 paullo
903 856 907 861 .

16 888 117 947 ante:)
138 885 275 951 praesidii
289 885 499 952 adiumentique
511 901 623 948 caussa,
641 902 698 938 non
710 887 829 939 benero-

14 954 127 1007 lentiae
147 969 235 1020 neque
257 954 400 1018 caritatis,
422 955 561 1006 amicitias
576 956 828 1023 ess'eexpetendas.

15 1025 119 1091 ltaque
130 1030 162 1076 ut
174 1024 291 1092 quisque
306 1026 451 1076 minimum
461 1025 615 1084 ¹,firmitatis
630 1025 734 1078 habeat
749 1025 830 1076 mini·

15 1109 151 1160 mumque
161 1094 273 1155 virium,
288 1096 331 1146 ita
342 1095 482 1151 amicitias
494 1102 627 1162 appetere
637 1094 767 1151 niaxime.
785 1094 830 1147 Ex

14 1180 52 1218 eo
63 1164 138 1226 lieri,
152 1169 184 1215 ut
195 1164 375 1218 mulierculae
386 1166 475 1234 magis
488 1166 676 1217 amicitiarum
687 1164 830 1232 praesidia

15 1239 167 1302 quaerant,
177 1246 259 1301 quam
270 1234 334 1285 riri:
346 1242 374 1288 et
384 1235 490 1301 inopes,
500 1251 582 1303 quam
593 1251 609 1287 ο
631 1235 731 1287 ulenti:
743 1241 772 1286 et
784 1249 830 1286 ca·

14 1304 165 1365 lamitosi,
192 1318 274 1371 quam
294 1304 381 1359 beati.
416 1304 462 1356 47.
486 1306 509 1356 0
530 1321 597 1371 praa
643 1320 703 1355 ram
723 1302 830 1369 sapiam

14 1373 101 1426 tiana!
132 1372 227 1425 Solem
248 1374 322 1425 enim
336 1390 354 1427 a
369 1373 473 1425 mundo
494 1375 597 1426 tollere
615 1374 760 1435 ridentur,
782 1373 831 1438 qui

16 1443 176 1496 amicitiam
191 1459 207 1495 e
221 1443 283 1496 vita
296 1443 413 1496 tollunt:
437 1454 493 1510 qua
513 1459 530 1495 a
544 1443 606 1495 Diis
625 1441 831 1538 mpmortalihus

14 1510 91 1565 nihil
110 1514 215 1566 melius
235 1502 384 1577 habemus,
404 1512 474 1566 nihil
493 1514 650 1566 iucundius.
671 1512 765 1575 ·Quae
787 1518 831 1563 est

15 1584 95 1637 enim
107 1583 331 1636 istasecuritasi
359 1583 458 1651 Specie
469 1584 590 1651 quidem,
604 1557 717 1645 blanda,
728 1581 777 1633 sed
788 1596 830 1632 rc·
856 1643 859 1654 y

13 1667 88 1721 apse
100 1653 198 1706 multis
213 1653 283 1705 locis
297 1654 480 1721 repudianda.
516 1654 614 1722 Neque
625 1652 700 1705 enim
712 1658 831 1705 estnon·

12 1729 194 1786 santaneum,
209 1723 296 1775 ullam
305 1719 452 1777 honestam
462 1739 519 1776 rem
530 1724 712 1785 actiunculas,
730 1738 765 1774 ne
775 1721 830 1773 sol·

10 1795 117 1848 licitus
130 1792 182 1857 sis,
201 1799 250 1845 aut
264 1799 319 1845 nun
329 1794 470 1862 suscipere
482 1801 531 1845 aut
542 1799 701 1860 susceptam
711 1792 830 1860 depone·
907 1821 910 1832 ›
926 1793 932 1801 ‘

7 1879 57 1918 re·
79 1862 163 1924 Quod
174 1862 199 1913 si
211 1878 305 1915 curam
316 1863 447 1932 fugimus,
458 1862 748 1932 rirtuslugiemlaest3
759 1876 831 1931 quaa

8 1948 136 1987 necesse
148 1938 191 1985 est
201 1949 263 1985 cum
275 1933 368 2001 aliqua
379 1935 444 1984 c'ura
455 1949 499 1985 res
509 1934 565 1984 sibi
576 1932 732 1988 contrarias
739 1947 830 1999 asper-

8 2010 103 2056 netur
115 2003 319 2074 atquexoderit3
339 2009 371 2055 ut
382 2004 494 2056 bonitas
504 2004 654 2065 malitiam,
675 2009 831 2070 temperau-

7 2074 60 2126 tia
71 2071 230 2135 libidinem,
240 2073 379 2141 ignaviam
390 2072 539 2127 fortitudo.
574 2073 672 2139 ltaque
682 2072 777 2125 videas
786 2086 829 2124 re-

5 2142 71 2195 bus
83 2142 200 2195 iniustis
211 2143 301 2195 iustus
312 2145 433 2198 maxime
444 2143 548 2205 dolere,
561 2142 720 2195 imbellibus
731 2140 841 2204 fortes„
910 2181 912 2186 ,

7 2212 173 2279 flagitiosis
187 2212 340 2267 modestos.
376 2213 452 2280 Erga
464 2212 518 2265 hoc
533 2212 676 2280 proprium
688 2219 731 2264 est
743 2211 830 2264 animi

5 2285 92 2338 bene
103 2282 260 2345 constituti,
275 2289 304 2335 et
313 2283 414 2336 laetari
425 2283 505 2336 bonis
517 2283 608 2346 rebus,
620 2288 649 2336 et
660 2281 755 2334 dolere
766 2294 830 2331 con·

6 2352 129 2406 trariis.
164 2351 207 2404 48.
224 2351 411 2414 Quamobrem
422 2353 446 2405 si
458 2353 533 2406 cadit
543 2352 573 2406 in
583 2349 734 2419 sapientem
744 2349 830 2401 animi
869 2406 873 2413 Ι

11 2421 119 2487 dulor3
142 2421 189 2488 qui
200 2422 326 2489 proiecto
338 2423 424 2486 cadit,
442 2424 496 2476 nisi
508 2439 543 2476 ex
554 2424 615 2475 eius
626 2421 718 2492 aniano
729 2417 829 2471 exstir-

8 2498 121 2561 patam
131 2488 332 2546 humanitatem
344 2489 607 2561 arbitramurz'quae
613 2506 711 2543 caussa
717 2494 768 2550 est,
779 2500 829 2538 cur

8 2560 177 2618 amicitiam
192 2560 319 2615 funditus
333 2564 465 2615 tollamus
477 2564 575 2624 evita,
593 2577 629 2612 ne
643 2559 752 2626 aliquas
765 2571 829 2623 pru·
883 2552 888 2568 ¹

5 2638 86 2703 pter
101 2645 163 2682 earn
180 2634 363 2700 suscipiamus
380 2633 547 2702 molestiasi
576 2627 650 2691 Quid
661 2627 734 2680 enim
744 2626 847 2676 inter-⁶·

5 2708 74 2766 est,
94 2708 176 2758 matu
187 2703 272 2756 ariinii
281 2702 404 2767 sublato,
423 2718 479 2754 nun
490 2702 553 2755 dicu
564 2702 639 2819 ἰῐιιιιὲι
648 2691 789 2751 huminem
800 2699 830 2744 et
