<?xml version="1.0" encoding="UTF-8"?>
<!DOCTYPE html PUBLIC "-//W3C//DTD XHTML 1.0 Transitional//EN"
    "http://www.w3.org/TR/xhtml1/DTD/xhtml1-transitional.dtd">
<html xmlns="http://www.w3.org/1999/xhtml" xml:lang="en" lang="en">
 <head>
  <title>
</title>
<meta http-equiv="Content-Type" content="text/html;charset=utf-8" />
  <meta name='ocr-system' content='tesseract 3.04.00' />
  <meta name='ocr-capabilities' content='ocr_page ocr_carea ocr_par ocr_line ocrx_word'/>
</head>
<body>
  <div class='ocr_page' id='page_1' title='image "./opera00nobbgoog/opera00nobbgoog_0907.png"; bbox 0 0 2084 3025; ppageno 0'>
   <div class='ocr_carea' id='block_1_1' title="bbox 235 90 878 177">
    <p class='ocr_par' dir='ltr' id='par_1_1' title="bbox 168 89 878 177">
     <span class='ocr_line' id='line_1_1' title="bbox 235 90 878 177; baseline 0.001 -0.906"><span class='ocrx_word' id='word_1_1' title='bbox 235 90 237 96; x_wconf 70' lang='grc'><strong>’</strong></span> <span class='ocrx_word' id='word_1_2' title='bbox 266 93 409 177; x_wconf 65' lang='grc' dir='ltr'><strong>ἨΜ</strong></span> <span class='ocrx_word' id='word_1_3' title='bbox 446 107 651 177; x_wconf 72' lang='lat' dir='ltr'><strong>canor-io.</strong></span> <span class='ocrx_word' id='word_1_4' title='bbox 824 117 878 177; x_wconf 72' lang='lat'><strong>222</strong></span> 
     </span>
    </p>
   </div>
   <div class='ocr_carea' id='block_1_2' title="bbox 64 224 924 846">
    <p class='ocr_par' dir='ltr' id='par_1_2' title="bbox 64 224 924 846">
     <span class='ocr_line' id='line_1_2' title="bbox 68 224 877 295; baseline -0.011 -10"><span class='ocrx_word' id='word_1_5' title='bbox 68 232 128 286; x_wconf 80' lang='lat' dir='ltr'><strong>bus</strong></span> <span class='ocrx_word' id='word_1_6' title='bbox 137 241 232 282; x_wconf 87' lang='lat' dir='ltr'><strong>rerum</strong></span> <span class='ocrx_word' id='word_1_7' title='bbox 241 228 415 295; x_wconf 83' lang='lat' dir='ltr'><strong>publicarum</strong></span> <span class='ocrx_word' id='word_1_8' title='bbox 425 243 481 279; x_wconf 87' lang='lat' dir='ltr'><strong>non</strong></span> <span class='ocrx_word' id='word_1_9' title='bbox 491 228 612 280; x_wconf 87' lang='lat' dir='ltr'><strong>turbatis</strong></span> <span class='ocrx_word' id='word_1_10' title='bbox 626 232 709 295; x_wconf 86' lang='lat' dir='ltr'><strong>utque</strong></span> <span class='ocrx_word' id='word_1_11' title='bbox 718 224 877 294; x_wconf 73' lang='lat' dir='ltr'>permixtis,</span> 
     </span>
     <span class='ocr_line' id='line_1_3' title="bbox 66 296 876 365; baseline -0.009 -11"><span class='ocrx_word' id='word_1_12' title='bbox 66 301 121 356; x_wconf 84' lang='lat' dir='ltr'><strong>sed</strong></span> <span class='ocrx_word' id='word_1_13' title='bbox 136 314 218 351; x_wconf 91' lang='lat' dir='ltr'><strong>suum</strong></span> <span class='ocrx_word' id='word_1_14' title='bbox 236 304 340 349; x_wconf 85' lang='lat' dir='ltr'><strong>statum</strong></span> <span class='ocrx_word' id='word_1_15' title='bbox 349 298 517 350; x_wconf 85' lang='lat' dir='ltr'><strong>tenentibus.</strong></span> <span class='ocrx_word' id='word_1_16' title='bbox 555 299 632 360; x_wconf 76' lang='lat' dir='ltr'><strong>Quae</strong></span> <span class='ocrx_word' id='word_1_17' title='bbox 643 303 745 365; x_wconf 80' lang='lat' dir='ltr'><strong>genero</strong></span> <span class='ocrx_word' id='word_1_18' title='bbox 755 296 876 362; x_wconf 82' lang='lat' dir='ltr'><strong>primum</strong></span> 
     </span>
     <span class='ocr_line' id='line_1_4' title="bbox 66 364 877 435; baseline -0.007 -11"><span class='ocrx_word' id='word_1_19' title='bbox 66 376 136 424; x_wconf 83' lang='lat' dir='ltr'><strong>sunt</strong></span> <span class='ocrx_word' id='word_1_20' title='bbox 148 370 178 420; x_wconf 89' lang='lat' dir='ltr'><strong>in</strong></span> <span class='ocrx_word' id='word_1_21' title='bbox 188 369 224 422; x_wconf 84' lang='lat' dir='ltr'><strong>iio</strong></span> <span class='ocrx_word' id='word_1_22' title='bbox 235 368 345 435; x_wconf 84' lang='lat' dir='ltr'><strong>singula</strong></span> <span class='ocrx_word' id='word_1_23' title='bbox 353 368 444 430; x_wconf 79' lang='lat' dir='ltr'><strong>vitiis,</strong></span> <span class='ocrx_word' id='word_1_24' title='bbox 465 383 536 435; x_wconf 88' lang='lat' dir='ltr'><strong>quae</strong></span> <span class='ocrx_word' id='word_1_25' title='bbox 547 373 610 419; x_wconf 89' lang='lat' dir='ltr'><strong>ante</strong></span> <span class='ocrx_word' id='word_1_26' title='bbox 623 367 696 417; x_wconf 85' lang='lat' dir='ltr'>dixi:</span> <span class='ocrx_word' id='word_1_27' title='bbox 717 365 817 418; x_wconf 86' lang='lat' dir='ltr'><strong>deinde</strong></span> <span class='ocrx_word' id='word_1_28' title='bbox 829 364 877 418; x_wconf 82' lang='lat' dir='ltr'><strong>ha·</strong></span> 
     </span>
     <span class='ocr_line' id='line_1_5' title="bbox 65 434 924 507; baseline -0.016 -13"><span class='ocrx_word' id='word_1_29' title='bbox 65 442 138 494; x_wconf 85' lang='lat' dir='ltr'><strong>beat</strong></span> <span class='ocrx_word' id='word_1_30' title='bbox 148 438 309 507; x_wconf 86' lang='lat' dir='ltr'><strong>perniciosa</strong></span> <span class='ocrx_word' id='word_1_31' title='bbox 319 437 376 489; x_wconf 90' lang='lat' dir='ltr'><strong>alia</strong></span> <span class='ocrx_word' id='word_1_32' title='bbox 384 438 470 489; x_wconf 81' lang='lat' dir='ltr'><strong>vitia:</strong></span> <span class='ocrx_word' id='word_1_33' title='bbox 492 437 599 488; x_wconf 90' lang='lat' dir='ltr'><strong>nullum</strong></span> <span class='ocrx_word' id='word_1_34' title='bbox 610 443 654 488; x_wconf 86' lang='lat' dir='ltr'><strong>est</strong></span> <span class='ocrx_word' id='word_1_35' title='bbox 665 434 737 487; x_wconf 90' lang='lat' dir='ltr'><strong>enim</strong></span> <span class='ocrx_word' id='word_1_36' title='bbox 747 449 833 502; x_wconf 81' lang='lat' dir='ltr'><strong>genus</strong></span> <span class='ocrx_word' id='word_1_37' title='bbox 843 434 877 486; x_wconf 91' lang='lat' dir='ltr'><strong>il·</strong></span> <span class='ocrx_word' id='word_1_38' title='bbox 922 473 924 480; x_wconf 94' lang='lat'><em>.</em></span> 
     </span>
     <span class='ocr_line' id='line_1_6' title="bbox 64 503 877 574; baseline -0.009 -11"><span class='ocrx_word' id='word_1_39' title='bbox 64 511 163 563; x_wconf 88' lang='lat' dir='ltr'><strong>larum</strong></span> <span class='ocrx_word' id='word_1_40' title='bbox 178 522 272 562; x_wconf 87' lang='lat' dir='ltr'><strong>rerum</strong></span> <span class='ocrx_word' id='word_1_41' title='bbox 288 508 475 574; x_wconf 86' lang='lat' dir='ltr'><strong>publicarum,</strong></span> <span class='ocrx_word' id='word_1_42' title='bbox 496 506 570 574; x_wconf 90' lang='lat' dir='ltr'><strong>quod</strong></span> <span class='ocrx_word' id='word_1_43' title='bbox 585 520 640 556; x_wconf 90' lang='lat' dir='ltr'><strong>non</strong></span> <span class='ocrx_word' id='word_1_44' title='bbox 656 503 758 556; x_wconf 86' lang='lat' dir='ltr'><strong>habeat</strong></span> <span class='ocrx_word' id='word_1_45' title='bbox 772 505 829 555; x_wconf 86' lang='lat' dir='ltr'><strong>iter</strong></span> <span class='ocrx_word' id='word_1_46' title='bbox 839 504 877 556; x_wconf 88' lang='lat' dir='ltr'><strong>ad</strong></span> 
     </span>
     <span class='ocr_line' id='line_1_7' title="bbox 66 573 876 643; baseline -0.01 -10"><span class='ocrx_word' id='word_1_47' title='bbox 66 578 220 633; x_wconf 81' lang='lat' dir='ltr'><strong>finitimum</strong></span> <span class='ocrx_word' id='word_1_48' title='bbox 241 576 382 643; x_wconf 87' lang='lat' dir='ltr'><strong>quoddam</strong></span> <span class='ocrx_word' id='word_1_49' title='bbox 402 577 505 629; x_wconf 87' lang='lat' dir='ltr'><strong>molum</strong></span> <span class='ocrx_word' id='word_1_50' title='bbox 527 590 660 643; x_wconf 86' lang='lat' dir='ltr'><strong>praeceps</strong></span> <span class='ocrx_word' id='word_1_51' title='bbox 678 589 712 626; x_wconf 88' lang='lat' dir='ltr'><strong>ac</strong></span> <span class='ocrx_word' id='word_1_52' title='bbox 727 573 876 625; x_wconf 85' lang='lat' dir='ltr'><strong>lubricum.</strong></span> 
     </span>
     <span class='ocr_line' id='line_1_8' title="bbox 64 643 878 714; baseline -0.006 -15"><span class='ocrx_word' id='word_1_53' title='bbox 64 648 140 705; x_wconf 86' lang='lat' dir='ltr'><strong>Nam</strong></span> <span class='ocrx_word' id='word_1_54' title='bbox 153 647 197 698; x_wconf 91' lang='lat' dir='ltr'><strong>illi</strong></span> <span class='ocrx_word' id='word_1_55' title='bbox 207 646 288 714; x_wconf 85' lang='lat' dir='ltr'><strong>Regi,</strong></span> <span class='ocrx_word' id='word_1_56' title='bbox 304 652 336 698; x_wconf 91' lang='lat' dir='ltr'><strong>ut</strong></span> <span class='ocrx_word' id='word_1_57' title='bbox 347 663 411 700; x_wconf 88' lang='lat' dir='ltr'><strong>eum</strong></span> <span class='ocrx_word' id='word_1_58' title='bbox 422 646 597 714; x_wconf 87' lang='lat' dir='ltr'><strong>potissimum</strong></span> <span class='ocrx_word' id='word_1_59' title='bbox 606 644 755 706; x_wconf 80' lang='lat' dir='ltr'><strong>nominem,</strong></span> <span class='ocrx_word' id='word_1_60' title='bbox 774 643 878 695; x_wconf 84' lang='lat' dir='ltr'><strong>tolero·</strong></span> 
     </span>
     <span class='ocr_line' id='line_1_9' title="bbox 64 712 878 782; baseline -0.011 -9"><span class='ocrx_word' id='word_1_61' title='bbox 64 717 133 780; x_wconf 85' lang='lat' dir='ltr'><strong>bili,</strong></span> <span class='ocrx_word' id='word_1_62' title='bbox 144 724 192 768; x_wconf 92' lang='lat' dir='ltr'><strong>aut</strong></span> <span class='ocrx_word' id='word_1_63' title='bbox 203 716 228 767; x_wconf 88' lang='lat' dir='ltr'><strong>si</strong></span> <span class='ocrx_word' id='word_1_64' title='bbox 239 716 334 779; x_wconf 84' lang='lat' dir='ltr'><strong>vultis,</strong></span> <span class='ocrx_word' id='word_1_65' title='bbox 346 718 430 769; x_wconf 86' lang='lat' dir='ltr'><strong>etiarn</strong></span> <span class='ocrx_word' id='word_1_66' title='bbox 442 716 558 767; x_wconf 79' lang='lat' dir='ltr'>amabili</span> <span class='ocrx_word' id='word_1_67' title='bbox 570 715 654 782; x_wconf 86' lang='lat' dir='ltr'><strong>Cyro,</strong></span> <span class='ocrx_word' id='word_1_68' title='bbox 674 714 771 765; x_wconf 84' lang='lat' dir='ltr'><strong>subest</strong></span> <span class='ocrx_word' id='word_1_69' title='bbox 781 712 817 765; x_wconf 88' lang='lat' dir='ltr'><strong>ad</strong></span> <span class='ocrx_word' id='word_1_70' title='bbox 827 712 878 764; x_wconf 88' lang='lat' dir='ltr'><strong>im·</strong></span> 
     </span>
     <span class='ocr_line' id='line_1_10' title="bbox 64 781 879 846; baseline -0.012 -4"><span class='ocrx_word' id='word_1_71' title='bbox 64 786 200 842; x_wconf 84' lang='lat' dir='ltr'><strong>mutandi</strong></span> <span class='ocrx_word' id='word_1_72' title='bbox 210 787 297 838; x_wconf 87' lang='lat' dir='ltr'><strong>animi</strong></span> <span class='ocrx_word' id='word_1_73' title='bbox 308 786 451 839; x_wconf 73' lang='lat' dir='ltr'><strong>licentiam</strong></span> <span class='ocrx_word' id='word_1_74' title='bbox 463 783 671 837; x_wconf 76' lang='lat' dir='ltr'><strong>crudelissimis</strong></span> <span class='ocrx_word' id='word_1_75' title='bbox 682 784 730 835; x_wconf 85' lang='lat' dir='ltr'><strong>illa</strong></span> <span class='ocrx_word' id='word_1_76' title='bbox 742 781 879 846; x_wconf 80' lang='lat' dir='ltr'><strong>Phalaris,</strong></span> 
     </span>
    </p>
   </div>
   <div class='ocr_carea' id='block_1_3' title="bbox 67 849 959 920">
    <p class='ocr_par' dir='ltr' id='par_1_3' title="bbox 67 849 959 920">
     <span class='ocr_line' id='line_1_11' title="bbox 67 849 959 920; baseline -0.007 -10"><span class='ocrx_word' id='word_1_77' title='bbox 67 857 151 910; x_wconf 86' lang='lat' dir='ltr'><strong>cuius</strong></span> <span class='ocrx_word' id='word_1_78' title='bbox 161 857 190 907; x_wconf 90' lang='lat' dir='ltr'><strong>in</strong></span> <span class='ocrx_word' id='word_1_79' title='bbox 201 856 410 908; x_wconf 84' lang='lat' dir='ltr'><strong>similitudinem</strong></span> <span class='ocrx_word' id='word_1_80' title='bbox 424 855 582 906; x_wconf 82' lang='lat' dir='ltr'><strong>dominatus</strong></span> <span class='ocrx_word' id='word_1_81' title='bbox 596 849 678 905; x_wconf 83' lang='lat' dir='ltr'><strong>unius</strong></span> <span class='ocrx_word' id='word_1_82' title='bbox 690 853 806 920; x_wconf 84' lang='lat' dir='ltr'><strong>proclivi</strong></span> <span class='ocrx_word' id='word_1_83' title='bbox 818 867 879 904; x_wconf 87' lang='lat' dir='ltr'><strong>eur·</strong></span> <span class='ocrx_word' id='word_1_84' title='bbox 912 863 915 870; x_wconf 93' lang='grc'>’</span> <span class='ocrx_word' id='word_1_85' title='bbox 951 875 959 886; x_wconf 93' lang='grc'><strong><em>·</em></strong></span> 
     </span>
    </p>
   </div>
   <div class='ocr_carea' id='block_1_4' title="bbox 63 921 879 1411">
    <p class='ocr_par' dir='ltr' id='par_1_4' title="bbox 63 921 879 1411">
     <span class='ocr_line' id='line_1_12' title="bbox 64 921 879 980; baseline -0.01 0"><span class='ocrx_word' id='word_1_86' title='bbox 64 941 102 980; x_wconf 81' lang='lat' dir='ltr'><strong>su</strong></span> <span class='ocrx_word' id='word_1_87' title='bbox 124 924 271 980; x_wconf 22' lang='lat' dir='ltr'><strong>ettiaeili*</strong></span> <span class='ocrx_word' id='word_1_88' title='bbox 291 926 438 977; x_wconf 82' lang='lat' dir='ltr'><strong>delabitur.</strong></span> <span class='ocrx_word' id='word_1_89' title='bbox 474 924 522 975; x_wconf 93' lang='lat' dir='ltr'><strong>llli</strong></span> <span class='ocrx_word' id='word_1_90' title='bbox 547 929 640 976; x_wconf 86' lang='lat' dir='ltr'><strong>autem</strong></span> <span class='ocrx_word' id='word_1_91' title='bbox 660 921 879 975; x_wconf 75' lang='lat' dir='ltr'><strong>Massiliensium</strong></span> 
     </span>
     <span class='ocr_line' id='line_1_13' title="bbox 64 990 879 1067; baseline -0.009 -19"><span class='ocrx_word' id='word_1_92' title='bbox 64 1009 223 1067; x_wconf 87' lang='lat' dir='ltr'><strong>paucorum</strong></span> <span class='ocrx_word' id='word_1_93' title='bbox 233 1000 261 1047; x_wconf 78' lang='lat' dir='ltr'><strong>et</strong></span> <span class='ocrx_word' id='word_1_94' title='bbox 269 996 423 1062; x_wconf 77' lang='lat' dir='ltr'><strong>principum</strong></span> <span class='ocrx_word' id='word_1_95' title='bbox 434 992 674 1044; x_wconf 76' lang='lat' dir='ltr'><strong>administrationi</strong></span> <span class='ocrx_word' id='word_1_96' title='bbox 685 992 808 1060; x_wconf 70' lang='lat' dir='ltr'><strong>civitatis</strong></span> <span class='ocrx_word' id='word_1_97' title='bbox 819 990 879 1041; x_wconf 90' lang='lat' dir='ltr'><strong>lini·</strong></span> 
     </span>
     <span class='ocr_line' id='line_1_14' title="bbox 63 1059 879 1131; baseline -0.011 -12"><span class='ocrx_word' id='word_1_98' title='bbox 63 1068 156 1119; x_wconf 89' lang='lat' dir='ltr'><strong>timus</strong></span> <span class='ocrx_word' id='word_1_99' title='bbox 168 1069 226 1128; x_wconf 86' lang='lat' dir='ltr'><strong>est,</strong></span> <span class='ocrx_word' id='word_1_100' title='bbox 245 1066 292 1131; x_wconf 91' lang='lat' dir='ltr'><strong>qui</strong></span> <span class='ocrx_word' id='word_1_101' title='bbox 302 1064 355 1114; x_wconf 86' lang='lat' dir='ltr'><strong>fuit</strong></span> <span class='ocrx_word' id='word_1_102' title='bbox 366 1061 485 1130; x_wconf 89' lang='lat' dir='ltr'><strong>quodam</strong></span> <span class='ocrx_word' id='word_1_103' title='bbox 502 1068 627 1129; x_wconf 86' lang='lat' dir='ltr'><strong>tempore</strong></span> <span class='ocrx_word' id='word_1_104' title='bbox 642 1062 716 1129; x_wconf 86' lang='lat' dir='ltr'><strong>apud</strong></span> <span class='ocrx_word' id='word_1_105' title='bbox 731 1059 879 1113; x_wconf 77' lang='lat' dir='ltr'><strong>Athenien·</strong></span> 
     </span>
     <span class='ocr_line' id='line_1_15' title="bbox 65 1130 878 1201; baseline -0.01 -12"><span class='ocrx_word' id='word_1_106' title='bbox 65 1150 116 1189; x_wconf 83' lang='lat' dir='ltr'><strong>ses</strong></span> <span class='ocrx_word' id='word_1_107' title='bbox 134 1133 253 1201; x_wconf 80' lang='lat' dir='ltr'><strong>triginta</strong></span> <span class='ocrx_word' id='word_1_108' title='bbox 275 1132 448 1199; x_wconf 55' lang='lat' dir='ltr'><strong>[virorunst]</strong></span> <span class='ocrx_word' id='word_1_109' title='bbox 467 1147 616 1184; x_wconf 85' lang='lat' dir='ltr'><strong>consensus</strong></span> <span class='ocrx_word' id='word_1_110' title='bbox 637 1138 665 1183; x_wconf 87' lang='lat' dir='ltr'><strong>et</strong></span> <span class='ocrx_word' id='word_1_111' title='bbox 685 1131 782 1184; x_wconf 84' lang='lat' dir='ltr'><strong>tactio.</strong></span> <span class='ocrx_word' id='word_1_112' title='bbox 817 1130 878 1182; x_wconf 88' lang='lat' dir='ltr'><strong>lam</strong></span> 
     </span>
     <span class='ocr_line' id='line_1_16' title="bbox 64 1199 878 1270; baseline -0.011 -11"><span class='ocrx_word' id='word_1_113' title='bbox 64 1200 278 1259; x_wconf 78' lang='lat' dir='ltr'><strong>Atheniensium</strong></span> <span class='ocrx_word' id='word_1_114' title='bbox 290 1202 385 1268; x_wconf 87' lang='lat' dir='ltr'><strong>populi</strong></span> <span class='ocrx_word' id='word_1_115' title='bbox 396 1206 567 1268; x_wconf 86' lang='lat' dir='ltr'><strong>potestatem</strong></span> <span class='ocrx_word' id='word_1_116' title='bbox 579 1202 701 1254; x_wconf 89' lang='lat' dir='ltr'><strong>omnium</strong></span> <span class='ocrx_word' id='word_1_117' title='bbox 715 1216 806 1252; x_wconf 88' lang='lat' dir='ltr'><strong>rerum</strong></span> <span class='ocrx_word' id='word_1_118' title='bbox 812 1199 878 1270; x_wconf 77' lang='lat' dir='ltr'><strong>ipsi,</strong></span> 
     </span>
     <span class='ocr_line' id='line_1_17' title="bbox 64 1269 877 1338; baseline -0.007 -11"><span class='ocrx_word' id='word_1_119' title='bbox 64 1288 105 1327; x_wconf 81' lang='lat' dir='ltr'><strong>ne</strong></span> <span class='ocrx_word' id='word_1_120' title='bbox 115 1272 188 1324; x_wconf 87' lang='lat' dir='ltr'><strong>alios</strong></span> <span class='ocrx_word' id='word_1_121' title='bbox 201 1272 388 1338; x_wconf 81' lang='lat' dir='ltr'><strong>requiramus,</strong></span> <span class='ocrx_word' id='word_1_122' title='bbox 411 1270 581 1325; x_wconf 79' lang='lat' dir='ltr'><strong>adimerem</strong></span> <span class='ocrx_word' id='word_1_123' title='bbox 593 1271 780 1326; x_wconf 80' lang='lat' dir='ltr'><strong>multitudiuis</strong></span> <span class='ocrx_word' id='word_1_124' title='bbox 791 1269 877 1324; x_wconf 75' lang='lat' dir='ltr'><strong>licen·</strong></span> 
     </span>
     <span class='ocr_line' id='line_1_18' title="bbox 66 1340 529 1411; baseline -0.009 -14"><span class='ocrx_word' id='word_1_125' title='bbox 66 1343 195 1411; x_wconf 71' lang='lat' dir='ltr'><strong>eamque</strong></span> <span class='ocrx_word' id='word_1_126' title='bbox 205 1355 367 1396; x_wconf 80' lang='lat' dir='ltr'><strong>conversam</strong></span> <span class='ocrx_word' id='word_1_127' title='bbox 379 1340 453 1410; x_wconf 85' lang='lat' dir='ltr'><strong>pesti</strong></span> <span class='ocrx_word' id='word_1_128' title='bbox 466 1342 480 1370; x_wconf 76' lang='lat'><strong>¹*</strong></span> <span class='ocrx_word' id='word_1_129' title='bbox 491 1342 505 1370; x_wconf 80' lang='lat'>*</span> <span class='ocrx_word' id='word_1_130' title='bbox 514 1347 529 1376; x_wconf 70' lang='lat'><em>⁴</em></span> 
     </span>
    </p>
   </div>
   <div class='ocr_carea' id='block_1_5' title="bbox 272 1426 683 1530">
    <p class='ocr_par' dir='ltr' id='par_1_5' title="bbox 272 1426 683 1530">
     <span class='ocr_line' id='line_1_19' title="bbox 272 1426 683 1530; baseline 0.005 -20"><span class='ocrx_word' id='word_1_131' title='bbox 272 1459 472 1528; x_wconf 70' lang='lat' dir='ltr'><strong>[Desiderantur</strong></span> <span class='ocrx_word' id='word_1_132' title='bbox 481 1426 588 1530; x_wconf 74' lang='lat' dir='ltr'><strong>pagiuae</strong></span> <span class='ocrx_word' id='word_1_133' title='bbox 597 1460 683 1530; x_wconf 85' lang='lat' dir='ltr'><strong>duae.)</strong></span> 
     </span>
    </p>
   </div>
   <div class='ocr_carea' id='block_1_6' title="bbox 28 1577 879 2471">
    <p class='ocr_par' dir='ltr' id='par_1_6' title="bbox 28 1577 879 2471">
     <span class='ocr_line' id='line_1_20' title="bbox 121 1577 878 1649; baseline 0.005 -18"><span class='ocrx_word' id='word_1_134' title='bbox 121 1577 224 1632; x_wconf 79' lang='lat' dir='ltr'>XXIX.</span> <span class='ocrx_word' id='word_1_135' title='bbox 244 1580 306 1613; x_wconf 64' lang='lat'><strong>*⁴*</strong></span> <span class='ocrx_word' id='word_1_136' title='bbox 324 1581 503 1636; x_wconf 83' lang='lat' dir='ltr'><strong>taeterrimus</strong></span> <span class='ocrx_word' id='word_1_137' title='bbox 525 1587 602 1634; x_wconf 83' lang='lat' dir='ltr'><strong>etex</strong></span> <span class='ocrx_word' id='word_1_138' title='bbox 617 1578 679 1644; x_wconf 85' lang='lat' dir='ltr'><strong>hac,</strong></span> <span class='ocrx_word' id='word_1_139' title='bbox 698 1580 744 1634; x_wconf 86' lang='lat' dir='ltr'><strong>vel</strong></span> <span class='ocrx_word' id='word_1_140' title='bbox 760 1581 878 1649; x_wconf 58' lang='lat' dir='ltr'><strong>optimos</strong></span> 
     </span>
     <span class='ocr_line' id='line_1_21' title="bbox 64 1647 878 1719; baseline -0.002 -14"><span class='ocrx_word' id='word_1_141' title='bbox 64 1651 153 1713; x_wconf 87' lang='lat' dir='ltr'><strong>tium,</strong></span> <span class='ocrx_word' id='word_1_142' title='bbox 164 1650 208 1700; x_wconf 80' lang='lat' dir='ltr'><strong>vel</strong></span> <span class='ocrx_word' id='word_1_143' title='bbox 219 1647 342 1701; x_wconf 81' lang='lat' dir='ltr'><strong>factioso</strong></span> <span class='ocrx_word' id='word_1_144' title='bbox 350 1654 497 1719; x_wconf 83' lang='lat' dir='ltr'><strong>tyrannica</strong></span> <span class='ocrx_word' id='word_1_145' title='bbox 504 1651 566 1714; x_wconf 86' lang='lat' dir='ltr'><strong>illo,</strong></span> <span class='ocrx_word' id='word_1_146' title='bbox 580 1651 628 1703; x_wconf 82' lang='lat' dir='ltr'><strong>vel</strong></span> <span class='ocrx_word' id='word_1_147' title='bbox 638 1652 723 1718; x_wconf 87' lang='lat' dir='ltr'><strong>regia,</strong></span> <span class='ocrx_word' id='word_1_148' title='bbox 734 1652 779 1703; x_wconf 86' lang='lat' dir='ltr'><strong>vel</strong></span> <span class='ocrx_word' id='word_1_149' title='bbox 790 1654 878 1704; x_wconf 87' lang='lat' dir='ltr'><strong>etium</strong></span> 
     </span>
     <span class='ocr_line' id='line_1_22' title="bbox 65 1720 878 1791; baseline 0 -18"><span class='ocrx_word' id='word_1_150' title='bbox 65 1734 206 1791; x_wconf 74' lang='lat' dir='ltr'><strong>persaepe</strong></span> <span class='ocrx_word' id='word_1_151' title='bbox 216 1720 374 1787; x_wconf 85' lang='lat' dir='ltr'><strong>popularis:</strong></span> <span class='ocrx_word' id='word_1_152' title='bbox 389 1722 512 1790; x_wconf 88' lang='lat' dir='ltr'><strong>itemque</strong></span> <span class='ocrx_word' id='word_1_153' title='bbox 522 1736 556 1773; x_wconf 84' lang='lat' dir='ltr'><strong>ex</strong></span> <span class='ocrx_word' id='word_1_154' title='bbox 568 1737 602 1774; x_wconf 87' lang='lat' dir='ltr'><strong>ea</strong></span> <span class='ocrx_word' id='word_1_155' title='bbox 612 1736 699 1791; x_wconf 83' lang='lat' dir='ltr'><strong>genus</strong></span> <span class='ocrx_word' id='word_1_156' title='bbox 712 1721 826 1789; x_wconf 86' lang='lat' dir='ltr'><strong>aliquod</strong></span> <span class='ocrx_word' id='word_1_157' title='bbox 838 1720 878 1774; x_wconf 81' lang='lat' dir='ltr'><strong>ei·</strong></span> 
     </span>
     <span class='ocr_line' id='line_1_23' title="bbox 28 1790 878 1859; baseline 0.004 -18"><span class='ocrx_word' id='word_1_158' title='bbox 28 1837 32 1841; x_wconf 79' lang='grc'><strong><em>,</em></strong></span> <span class='ocrx_word' id='word_1_159' title='bbox 63 1791 221 1847; x_wconf 83' lang='lat' dir='ltr'><strong>florescere</strong></span> <span class='ocrx_word' id='word_1_160' title='bbox 235 1793 276 1842; x_wconf 83' lang='lat' dir='ltr'><strong>&#39;ex</strong></span> <span class='ocrx_word' id='word_1_161' title='bbox 298 1792 368 1852; x_wconf 89' lang='lat' dir='ltr'><strong>illis,</strong></span> <span class='ocrx_word' id='word_1_162' title='bbox 389 1807 461 1858; x_wconf 87' lang='lat' dir='ltr'><strong>quae</strong></span> <span class='ocrx_word' id='word_1_163' title='bbox 479 1792 544 1845; x_wconf 85' lang='lat' dir='ltr'><strong>ante</strong></span> <span class='ocrx_word' id='word_1_164' title='bbox 561 1790 632 1854; x_wconf 80' lang='lat' dir='ltr'><strong>diui,</strong></span> <span class='ocrx_word' id='word_1_165' title='bbox 652 1793 737 1844; x_wconf 84' lang='lat' dir='ltr'><strong>solet:</strong></span> <span class='ocrx_word' id='word_1_166' title='bbox 758 1792 878 1859; x_wconf 79' lang='lat' dir='ltr'><strong>mirique</strong></span> 
     </span>
     <span class='ocr_line' id='line_1_24' title="bbox 64 1859 879 1931; baseline 0 -17"><span class='ocrx_word' id='word_1_167' title='bbox 64 1866 137 1914; x_wconf 86' lang='lat' dir='ltr'><strong>sunt</strong></span> <span class='ocrx_word' id='word_1_168' title='bbox 153 1859 235 1911; x_wconf 80' lang='lat' dir='ltr'><strong>orbes</strong></span> <span class='ocrx_word' id='word_1_169' title='bbox 252 1865 281 1911; x_wconf 85' lang='lat' dir='ltr'><strong>et</strong></span> <span class='ocrx_word' id='word_1_170' title='bbox 296 1861 377 1928; x_wconf 84' lang='lat' dir='ltr'><strong>quasi</strong></span> <span class='ocrx_word' id='word_1_171' title='bbox 391 1863 525 1914; x_wconf 81' lang='lat' dir='ltr'><strong>circuitus</strong></span> <span class='ocrx_word' id='word_1_172' title='bbox 540 1862 569 1911; x_wconf 90' lang='lat' dir='ltr'><strong>in</strong></span> <span class='ocrx_word' id='word_1_173' title='bbox 580 1863 662 1914; x_wconf 88' lang='lat' dir='ltr'><strong>rebus</strong></span> <span class='ocrx_word' id='word_1_174' title='bbox 673 1861 794 1931; x_wconf 83' lang='lat' dir='ltr'><strong>publicis</strong></span> <span class='ocrx_word' id='word_1_175' title='bbox 805 1877 879 1914; x_wconf 90' lang='lat' dir='ltr'><strong>com·</strong></span> 
     </span>
     <span class='ocr_line' id='line_1_25' title="bbox 63 1929 879 2000; baseline 0.002 -16"><span class='ocrx_word' id='word_1_176' title='bbox 63 1929 258 1984; x_wconf 85' lang='lat' dir='ltr'><strong>mutationum</strong></span> <span class='ocrx_word' id='word_1_177' title='bbox 269 1936 298 1981; x_wconf 88' lang='lat' dir='ltr'><strong>et</strong></span> <span class='ocrx_word' id='word_1_178' title='bbox 308 1931 543 1983; x_wconf 82' lang='lat' dir='ltr'><strong>vicissitudinum:</strong></span> <span class='ocrx_word' id='word_1_179' title='bbox 563 1946 631 1999; x_wconf 81' lang='lat' dir='ltr'><strong>quoa</strong></span> <span class='ocrx_word' id='word_1_180' title='bbox 648 1947 731 1999; x_wconf 92' lang='lat' dir='ltr'><strong>quum</strong></span> <span class='ocrx_word' id='word_1_181' title='bbox 742 1947 879 2000; x_wconf 70' lang='lat' dir='ltr'><strong>cognosse</strong></span> 
     </span>
     <span class='ocr_line' id='line_1_26' title="bbox 64 1999 878 2070; baseline 0.002 -17"><span class='ocrx_word' id='word_1_182' title='bbox 64 1999 207 2066; x_wconf 82' lang='lat' dir='ltr'><strong>sapientis</strong></span> <span class='ocrx_word' id='word_1_183' title='bbox 227 2005 283 2062; x_wconf 86' lang='lat' dir='ltr'><strong>est,</strong></span> <span class='ocrx_word' id='word_1_184' title='bbox 305 2006 365 2051; x_wconf 89' lang='lat' dir='ltr'><strong>tum</strong></span> <span class='ocrx_word' id='word_1_185' title='bbox 380 2017 448 2054; x_wconf 83' lang='lat' dir='ltr'><strong>vero</strong></span> <span class='ocrx_word' id='word_1_186' title='bbox 461 2001 622 2069; x_wconf 87' lang='lat' dir='ltr'><strong>prospicere</strong></span> <span class='ocrx_word' id='word_1_187' title='bbox 640 2002 834 2070; x_wconf 87' lang='lat' dir='ltr'><strong>impendentes</strong></span> <span class='ocrx_word' id='word_1_188' title='bbox 847 2002 878 2055; x_wconf 91' lang='lat' dir='ltr'><strong>in</strong></span> 
     </span>
     <span class='ocr_line' id='line_1_27' title="bbox 64 2068 879 2144; baseline 0.005 -24"><span class='ocrx_word' id='word_1_189' title='bbox 64 2068 251 2144; x_wconf 81' lang='lat' dir='ltr'><strong>gubernanda</strong></span> <span class='ocrx_word' id='word_1_190' title='bbox 261 2070 416 2137; x_wconf 85' lang='lat' dir='ltr'><strong>republica</strong></span> <span class='ocrx_word' id='word_1_191' title='bbox 434 2072 624 2125; x_wconf 86' lang='lat' dir='ltr'><strong>moderantem</strong></span> <span class='ocrx_word' id='word_1_192' title='bbox 635 2088 745 2124; x_wconf 87' lang='lat' dir='ltr'><strong>cursum</strong></span> <span class='ocrx_word' id='word_1_193' title='bbox 756 2079 838 2140; x_wconf 90' lang='lat' dir='ltr'><strong>atquc</strong></span> <span class='ocrx_word' id='word_1_194' title='bbox 849 2072 879 2124; x_wconf 84' lang='lat' dir='ltr'><strong>in</strong></span> 
     </span>
     <span class='ocr_line' id='line_1_28' title="bbox 64 2140 879 2210; baseline 0 -17"><span class='ocrx_word' id='word_1_195' title='bbox 64 2154 123 2194; x_wconf 82' lang='lat' dir='ltr'><strong>sua</strong></span> <span class='ocrx_word' id='word_1_196' title='bbox 143 2144 283 2204; x_wconf 89' lang='lat' dir='ltr'><strong>potestate</strong></span> <span class='ocrx_word' id='word_1_197' title='bbox 301 2140 466 2194; x_wconf 86' lang='lat' dir='ltr'><strong>retinentem</strong></span> <span class='ocrx_word' id='word_1_198' title='bbox 488 2142 583 2210; x_wconf 78' lang='lat' dir='ltr'><strong>magni</strong></span> <span class='ocrx_word' id='word_1_199' title='bbox 603 2143 748 2195; x_wconf 86' lang='lat' dir='ltr'><strong>cuiusdam</strong></span> <span class='ocrx_word' id='word_1_200' title='bbox 764 2144 833 2193; x_wconf 79' lang='lat' dir='ltr'><strong>ciris</strong></span> <span class='ocrx_word' id='word_1_201' title='bbox 849 2147 879 2193; x_wconf 78' lang='lat' dir='ltr'><strong>et</strong></span> 
     </span>
     <span class='ocr_line' id='line_1_29' title="bbox 64 2209 878 2279; baseline -0.001 -17"><span class='ocrx_word' id='word_1_202' title='bbox 64 2209 160 2262; x_wconf 83' lang='lat' dir='ltr'><strong>divini</strong></span> <span class='ocrx_word' id='word_1_203' title='bbox 175 2223 264 2273; x_wconf 88' lang='lat' dir='ltr'><strong>paene</strong></span> <span class='ocrx_word' id='word_1_204' title='bbox 275 2215 318 2262; x_wconf 87' lang='lat' dir='ltr'><strong>est</strong></span> <span class='ocrx_word' id='word_1_205' title='bbox 327 2210 391 2263; x_wconf 75' lang='lat' dir='ltr'><strong>riri.</strong></span> <span class='ocrx_word' id='word_1_206' title='bbox 427 2212 524 2278; x_wconf 84' lang='lat' dir='ltr'><strong>ltaque</strong></span> <span class='ocrx_word' id='word_1_207' title='bbox 540 2217 669 2278; x_wconf 86' lang='lat' dir='ltr'><strong>quartum</strong></span> <span class='ocrx_word' id='word_1_208' title='bbox 680 2212 819 2279; x_wconf 87' lang='lat' dir='ltr'><strong>quoddam</strong></span> <span class='ocrx_word' id='word_1_209' title='bbox 830 2224 878 2276; x_wconf 82' lang='lat' dir='ltr'><strong>ge·</strong></span> 
     </span>
     <span class='ocr_line' id='line_1_30' title="bbox 63 2278 877 2348; baseline -0.004 -16"><span class='ocrx_word' id='word_1_210' title='bbox 63 2293 123 2332; x_wconf 85' lang='lat' dir='ltr'><strong>nus</strong></span> <span class='ocrx_word' id='word_1_211' title='bbox 146 2279 189 2328; x_wconf 89' lang='lat' dir='ltr'><strong>rei</strong></span> <span class='ocrx_word' id='word_1_212' title='bbox 210 2278 339 2344; x_wconf 87' lang='lat' dir='ltr'><strong>publicae</strong></span> <span class='ocrx_word' id='word_1_213' title='bbox 359 2282 479 2333; x_wconf 84' lang='lat' dir='ltr'><strong>maxime</strong></span> <span class='ocrx_word' id='word_1_214' title='bbox 498 2281 670 2348; x_wconf 84' lang='lat' dir='ltr'><strong>probandum</strong></span> <span class='ocrx_word' id='word_1_215' title='bbox 693 2296 753 2333; x_wconf 79' lang='lat' dir='ltr'><strong>esse</strong></span> <span class='ocrx_word' id='word_1_216' title='bbox 775 2280 877 2342; x_wconf 82' lang='lat' dir='ltr'><strong>sentio,</strong></span> 
     </span>
     <span class='ocr_line' id='line_1_31' title="bbox 65 2345 877 2418; baseline 0.004 -22"><span class='ocrx_word' id='word_1_217' title='bbox 65 2345 202 2417; x_wconf 81' lang='lat' dir='ltr'><strong>quodest</strong></span> <span class='ocrx_word' id='word_1_218' title='bbox 214 2362 249 2398; x_wconf 83' lang='lat' dir='ltr'><strong>ex</strong></span> <span class='ocrx_word' id='word_1_219' title='bbox 258 2346 311 2412; x_wconf 84' lang='lat' dir='ltr'><strong>his,</strong></span> <span class='ocrx_word' id='word_1_220' title='bbox 322 2365 394 2417; x_wconf 86' lang='lat' dir='ltr'><strong>quae</strong></span> <span class='ocrx_word' id='word_1_221' title='bbox 402 2351 494 2418; x_wconf 90' lang='lat' dir='ltr'><strong>prima</strong></span> <span class='ocrx_word' id='word_1_222' title='bbox 504 2350 571 2416; x_wconf 82' lang='lat' dir='ltr'><strong>dixi,</strong></span> <span class='ocrx_word' id='word_1_223' title='bbox 592 2350 765 2403; x_wconf 85' lang='lat' dir='ltr'><strong>moderatum</strong></span> <span class='ocrx_word' id='word_1_224' title='bbox 777 2356 805 2402; x_wconf 87' lang='lat' dir='ltr'><strong>et</strong></span> <span class='ocrx_word' id='word_1_225' title='bbox 816 2363 877 2415; x_wconf 82' lang='lat' dir='ltr'><strong>pcr-</strong></span> 
     </span>
     <span class='ocr_line' id='line_1_32' title="bbox 65 2417 464 2471; baseline 0 0"><span class='ocrx_word' id='word_1_226' title='bbox 65 2417 297 2471; x_wconf 78' lang='lat' dir='ltr'><strong>mixtumtribus.</strong></span> <span class='ocrx_word' id='word_1_227' title='bbox 455 2425 464 2436; x_wconf 88' lang='lat'><em>&#39;</em></span> 
     </span>
    </p>
   </div>
   <div class='ocr_carea' id='block_1_7' title="bbox 65 2510 879 2732">
    <p class='ocr_par' dir='ltr' id='par_1_7' title="bbox 65 2510 879 2732">
     <span class='ocr_line' id='line_1_33' title="bbox 125 2510 879 2589; baseline 0.004 -16"><span class='ocrx_word' id='word_1_228' title='bbox 125 2510 429 2576; x_wconf 63' lang='lat' dir='ltr'><strong>annumeremus:</strong></span> <span class='ocrx_word' id='word_1_229' title='bbox 450 2521 514 2576; x_wconf 73' lang='lat' dir='ltr'><strong>seo</strong></span> <span class='ocrx_word' id='word_1_230' title='bbox 525 2522 577 2575; x_wconf 79' lang='lat' dir='ltr'><strong>om</strong></span> <span class='ocrx_word' id='word_1_231' title='bbox 588 2520 630 2574; x_wconf 74' lang='lat' dir='ltr'><strong>tta</strong></span> <span class='ocrx_word' id='word_1_232' title='bbox 641 2519 761 2589; x_wconf 77' lang='lat' dir='ltr'><strong>plaeere,</strong></span> <span class='ocrx_word' id='word_1_233' title='bbox 772 2521 879 2576; x_wconf 57' lang='lat' dir='ltr'><strong>arrico</strong></span> 
     </span>
     <span class='ocr_line' id='line_1_34' title="bbox 65 2592 879 2659; baseline 0 -13"><span class='ocrx_word' id='word_1_234' title='bbox 65 2607 120 2657; x_wconf 73' lang='lat'><strong>¹¹03</strong></span> <span class='ocrx_word' id='word_1_235' title='bbox 144 2607 227 2659; x_wconf 81' lang='lat' dir='ltr'><strong>saepe</strong></span> <span class='ocrx_word' id='word_1_236' title='bbox 237 2593 309 2644; x_wconf 80' lang='lat' dir='ltr'><strong>crrim</strong></span> <span class='ocrx_word' id='word_1_237' title='bbox 321 2608 355 2644; x_wconf 84' lang='lat' dir='ltr'><strong>ex</strong></span> <span class='ocrx_word' id='word_1_238' title='bbox 365 2600 393 2646; x_wconf 89' lang='lat' dir='ltr'><strong>te</strong></span> <span class='ocrx_word' id='word_1_239' title='bbox 404 2592 510 2658; x_wconf 77' lang='lat' dir='ltr'><strong>audiri3</strong></span> <span class='ocrx_word' id='word_1_240' title='bbox 531 2594 581 2645; x_wconf 90' lang='lat' dir='ltr'><strong>sed</strong></span> <span class='ocrx_word' id='word_1_241' title='bbox 597 2599 704 2654; x_wconf 90' lang='lat' dir='ltr'><strong>tamen,</strong></span> <span class='ocrx_word' id='word_1_242' title='bbox 724 2592 779 2643; x_wconf 84' lang='lat' dir='ltr'><strong>nisi</strong></span> <span class='ocrx_word' id='word_1_243' title='bbox 793 2592 879 2646; x_wconf 70' lang='lat' dir='ltr'><strong>mole</strong></span> 
     </span>
     <span class='ocr_line' id='line_1_35' title="bbox 65 2662 867 2732; baseline -0.005 -15"><span class='ocrx_word' id='word_1_244' title='bbox 65 2669 149 2717; x_wconf 78' lang='lat' dir='ltr'><strong>stum</strong></span> <span class='ocrx_word' id='word_1_245' title='bbox 160 2668 211 2726; x_wconf 83' lang='lat' dir='ltr'><strong>est,</strong></span> <span class='ocrx_word' id='word_1_246' title='bbox 227 2677 261 2715; x_wconf 82' lang='lat' dir='ltr'><strong>ex</strong></span> <span class='ocrx_word' id='word_1_247' title='bbox 271 2663 361 2716; x_wconf 87' lang='lat' dir='ltr'><strong>tribus</strong></span> <span class='ocrx_word' id='word_1_248' title='bbox 371 2664 433 2717; x_wconf 88' lang='lat' dir='ltr'><strong>istis</strong></span> <span class='ocrx_word' id='word_1_249' title='bbox 444 2664 535 2718; x_wconf 91' lang='lat' dir='ltr'><strong>modis</strong></span> <span class='ocrx_word' id='word_1_250' title='bbox 545 2678 636 2717; x_wconf 88' lang='lat' dir='ltr'><strong>rerum</strong></span> <span class='ocrx_word' id='word_1_251' title='bbox 648 2662 821 2732; x_wconf 88' lang='lat' dir='ltr'><strong>publicarum</strong></span> <span class='ocrx_word' id='word_1_252' title='bbox 833 2679 867 2727; x_wconf 73' lang='lat' dir='ltr'><strong>rs</strong></span> 
     </span>
    </p>
   </div>
   <div class='ocr_carea' id='block_1_8' title="bbox 0 0 1046 3025">
    <p class='ocr_par' dir='ltr' id='par_1_8' title="bbox 0 0 1046 3025">
     <span class='ocr_line' id='line_1_36' title="bbox 0 0 1046 3025; baseline 0 0"><span class='ocrx_word' id='word_1_253' title='bbox 0 0 1046 3025; x_wconf 95' lang='lat' dir='ltr'><strong> </strong></span> 
     </span>
    </p>
   </div>
  </div>
 </body>
</html>
