2084 3025
170 187 225 241 mo
292 214 301 221 -
442 173 707 241 oneremus

172 307 229 355 eos,
241 291 290 359 qui
301 291 328 344 ci
339 293 445 345 muneri
459 293 650 360 praefuerunt,
669 292 794 346 universi
804 292 873 346 iuris
883 307 982 362 exper-

171 369 214 415 tes
225 361 311 414 luisse
322 364 461 427 existimo,
471 363 521 415 scd
533 364 587 416 hoe
598 364 680 416 civile
691 364 765 431 quod
776 371 887 427 vocant,
906 371 982 416 cate·

172 448 225 483 nus
246 439 443 495 exercuerunt,
465 434 558 500 quoad
577 432 712 502 populum
728 441 872 501 praestare
886 434 983 486 roluc-

175 509 249 554 runt.
285 502 316 553 ld
328 509 421 557 autem
431 504 605 572 incognitum
616 511 659 556 est
670 505 774 567 minus,
796 519 878 570 worn
889 503 920 554 in
930 517 984 553 usu

175 574 370 625 necessarium.
407 575 596 636 Quamobrem
608 588 662 641 quo
673 590 718 627 me
733 564 836 625 rocas‘l
856 577 906 625 aut
916 570 984 640 quid

175 641 315 694 hortarisl
335 649 366 695 ut
379 644 492 696 libellos
509 645 656 695 conficiam
677 643 716 695 de'
726 642 935 695 stillicidiorum
950 656 986 694 ac

175 713 209 765 de
220 714 358 780 parietum
369 714 447 766 iurel
456 720 505 765 aut
513 720 544 766 ut
554 713 767 782 stipulationum
778 719 808 766 et
817 712 984 763 iudiciorum

174 783 312 835 formulas
329 784 511 852 componam?
532 800 603 852 quac
614 789 643 836 et
653 785 760 850 scripta
775 788 839 834 sunt
856 795 873 833 a
887 781 984 834 multis

174 855 334 921 diligenter,
345 861 374 907 et
384 860 448 906 sunt
458 853 618 918 humiliora,
625 870 712 922 quam
723 854 782 915 illa,
794 868 866 921 quac
877 867 894 901 a
903 850 984 903 robis

176 925 335 991 exspectari
345 931 422 991 puto.
450 923 485 976 V.
497 923 539 977 15.
557 927 637 976 Ars.
656 925 747 991 Atqui,
759 925 783 974 si
794 937 921 991 quaeres,
932 932 985 989 ego

176 994 242 1063 quid
259 1002 431 1062 exspectem:
453 996 586 1062 quoniam
603 995 737 1062 scriptum
748 1000 792 1046 est
802 998 859 1045 ete
869 991 904 1043 de
915 991 986 1058 opti·
1020 992 1025 996 '

176 1080 222 1121 mo
243 1064 416 1131 reipublicae
436 1072 527 1127 statu,
546 1080 715 1132 consequens
731 1079 792 1116 esse
808 1061 933 1124 videtur,
953 1063 986 1111 ut

176 1133 284 1186 scribas
300 1140 331 1184 tu
345 1134 419 1186 idem
435 1135 470 1186 de
481 1135 600 1203 legibus.
637 1133 684 1187 Sic
700 1134 773 1188 enim
788 1133 888 1186 fecisse
900 1130 984 1183 rideo

175 1202 322 1257 Platonem
334 1203 414 1255 illum
423 1211 511 1269 mum,
519 1221 600 1273 quem
610 1211 642 1256 tu
649 1199 986 1271 admiraris,qucm0mni·

175 1274 226 1327 bus
238 1274 394 1340 anteponis,
415 1291 497 1342 quem
507 1276 629 1328 maxime
641 1274 743 1342 diligis.
779 1273 819 1325 M.
838 1271 925 1324 Visne
934 1268 985 1337 igi·

175 1349 236 1407 tur,
255 1350 287 1396 ut
296 1344 344 1396 ille
355 1345 437 1398 Crete
449 1361 512 1397 cum
523 1347 627 1409 Clinia,
649 1351 678 1397 et
688 1340 984 1395 cumhaecdaemonio

175 1413 310 1483 Megillo,
331 1416 448 1478 aestivo,
469 1415 702 1483 quemadmodum
714 1414 858 1476 describit,
879 1411 939 1473 dic,
956 1410 985 1463 in

176 1486 346 1552 cupressctis
357 1487 522 1539 Gnosiorum
533 1492 562 1539 et
573 1486 672 1556 spatiis
683 1483 865 1546 silvestribus,
887 1482 984 1534 erebro

175 1555 317 1619 insistens,
337 1556 478 1609 interdum
491 1558 677 1624 acquiescens,
699 1555 733 1607 dc
743 1555 883 1606 institutis
892 1566 986 1605 rerum

175 1627 351 1693 publicarum
368 1643 401 1678 ac
417 1627 452 1680 dc
467 1629 582 1693 optimis
599 1627 710 1693 legibus
724 1625 860 1708 disputat:
883 1622 986 1674 sicnos

174 1697 248 1748 inter
263 1694 313 1747 has
330 1698 540 1763 procerissimus
552 1697 684 1765 populos,
704 1697 733 1747 in
749 1695 831 1747 mridi
843 1705 986 1761 opacaque

174 1767 238 1833 ripa
256 1767 479 1830 inambulantes,
499 1773 558 1820 tum
575 1765 667 1818 antem
681 1766 851 1827 residentes,
872 1777 986 1831 quaera-

175 1850 237 1888 mus
247 1836 346 1888 iisdem
358 1837 393 1889 dc
410 1837 494 1889 rebus
506 1837 611 1904 aliquid
622 1838 750 1900 uberius,
769 1849 852 1903 quam
864 1833 985 1885 forensis

175 1921 242 1957 usus
253 1905 412 1958 desiderati
448 1904 491 1958 16.
510 1909 590 1959 Ass.
608 1906 671 1972 Ego
686 1919 752 1958 vcro
764 1907 821 1956 ista
831 1902 930 1955 audire
941 1917 986 1953 cu·

174 1976 231 2043 pio.
266 1974 307 2026 M.
326 1975 399 2037 Quid
415 1975 456 2028 ait
466 1975 605 2038 Quintusl
640 1975 674 2037 Q.
696 1975 783 2028 Nulla
793 1971 983 2040 deremagis.

77 2085 80 2088 v
173 2046 214 2098 M.
232 2044 269 2096 Et
278 2051 356 2097 recte
367 2047 487 2113 quidem.
524 2046 596 2099 Nam
607 2046 648 2097 sic
658 2044 798 2108 habetote,
813 2043 890 2095 nullo
901 2042 930 2093 in
940 2054 984 2108 ge

173 2130 239 2168 nere
251 2115 410 2182 disputandi
423 2117 512 2186 magis
522 2115 640 2169 honeste
650 2116 791 2184 patelieri,
812 2113 877 2183 quid
887 2113 927 2164 sit
936 2110 985 2163 bo·

174 2184 243 2237 mini
256 2186 392 2238 tributum
410 2194 522 2250 nauca,
543 2192 676 2255 quantam
689 2187 746 2237 rim
761 2200 854 2237 rerum
866 2183 985 2251 optima·

173 2271 235 2308 rum
251 2271 329 2309 mens
345 2256 467 2309 humana
478 2259 633 2321 contineat,
651 2257 730 2308 euius
741 2254 862 2307 muneris
872 2250 985 2305 colendi

174 2324 368 2393 efficiendique
388 2343 489 2378 caussa
510 2329 571 2378 nati
592 2333 621 2380 et
640 2326 669 2378 in
688 2327 778 2378 lucem
795 2325 865 2378 editi
885 2324 984 2384 simus,

174 2410 245 2462 quae
255 2395 292 2447 sit
301 2397 459 2460 coniunctio
471 2395 623 2459 bominum,
634 2411 705 2464 quae
713 2395 850 2448 naturalis
861 2392 985 2446 societas

172 2465 245 2516 inter
256 2466 339 2533 ipsos.
373 2466 426 2515 His
438 2467 510 2517 enim
522 2467 679 2532 explicatis,
691 2466 754 2519 iens
764 2466 860 2534 legun
872 2469 901 2517 ct
912 2463 985 2514 iuris

170 2534 289 2586 inveniri
300 2540 402 2600 potest.
439 2532 482 2587 1⁷.
499 2535 581 2587 ΑΜ.
592 2536 656 2588 Non
667 2551 734 2604 ergo
746 2535 917 2587 aPraetoris
928 2532 987 2584 edi·

172 2610 231 2666 cto,
252 2610 284 2654 ut
297 2603 420 2670 plerique
430 2619 515 2667 nunc,
536 2620 625 2672 neque
638 2622 655 2657 a
669 2606 846 2664 nitebunt,
862 2610 895 2654 ut
905 2618 986 2670 supc-

172 2672 270 2734 riores,
282 2672 330 2723 sed
342 2674 451 2739 penitus
462 2689 496 2726 ex
507 2675 608 2726 intima
618 2674 796 2742 philosophia
801 2671 985 2725 hauriendam

171 2738 238 2792 luris
251 2742 426 2810 disciplinam
437 2751 529 2811 putas.
565 2744 605 2796 Μ.
625 2745 690 2798 Νοιι
701 2747 773 2800 cuim
783 2745 813 2796 id
823 2744 985 2813 quaerimus
