2084 3025
177 69 213 172 ta
447 154 450 160 .
487 108 670 164 ultimus

179 218 246 289 quid
262 218 359 270 lictum
373 217 425 280 sit,
446 230 515 269 neve
537 213 711 266 simulatum:
732 216 830 280 aperte
844 208 921 264 enini
934 211 980 264 rel

180 288 283 350 odisse,
295 289 385 354 magis
394 285 507 354 ingenui
517 289 570 345 est,
581 298 663 349 quam
673 281 766 334 fronte
772 279 915 333 occultare
921 296 980 332 sen·

177 358 306 411 tentiam.
328 356 445 418 Deinde,
454 370 508 406 nou
521 354 613 405 solum
623 351 762 419 abaliquo
775 350 879 402 allatas
891 349 982 401 crimi-

176 426 306 478 nationes
316 425 466 492 repellere,
487 423 536 474 sed
547 438 581 474 ne
592 422 683 488 ipsum
699 421 808 486 quidem
822 432 883 471 esse
894 417 983 485 suspi-

109 488 118 501 '
179 495 294 558 ciosum,
314 509 424 561 semper
434 491 542 559 aliquid
556 491 759 552 existimantem
771 488 805 541 ab
820 489 912 539 amico
924 501 986 540 esse

178 563 326 615 violatum.
360 564 404 617 uo.
420 561 541 613 Accedat
556 559 611 612 huc
621 560 745 610 suavitas
755 557 892 626 quaedam
904 566 987 623 opor⁴

179 638 223 685 tet
233 647 389 685 sermonum
399 630 481 698 atque
491 644 608 691 morum,
621 627 834 694 haudquaquam
843 626 987 677 mediocre

181 701 389 755 condimentum
399 699 549 751 amicitiae.
582 697 714 749 Tristitia
724 702 817 748 autem
829 700 857 747 et
867 696 898 746 in
909 692 987 745 otini

182 785 215 824 re
226 771 371 833 severitas,
382 768 467 821 habet
476 768 529 819 illa
539 765 650 833 quidem
661 765 840 832 gravitatem:
856 764 907 816 sed
919 763 988 815 ami·

183 838 253 893 citia
262 840 405 891 remissior
418 853 478 891 esse
490 836 573 888 debet
582 841 610 887 et
621 835 738 893 liberior
748 840 777 886 et
788 833 899 885 dulcior
910 838 941 884 ct
952 829 987 883 ad

183 922 291 961 omnem
307 909 467 960 comitatem
481 905 701 971 facilitatemque
714 903 873 970 proclivior.
908 901 986 957 XIX.

180 975 226 1038 oz.
247 976 364 1028 Exsistit
381 983 476 1029 autem
492 973 547 1025 hoc
562 974 626 1025 loco
637 973 773 1040 quaedam
783 970 911 1039 quaestio
923 970 987 1023 sub·

184 1045 317 1102 difficilis:
330 1060 394 1095 num
406 1044 516 1110 quando
530 1042 611 1094 antici
622 1043 695 1105 novi,
708 1042 785 1109 digni
795 1041 931 1103 amicitia,
942 1054 988 1091 ve·

182 1115 289 1167 teribus
301 1113 357 1165 sint
368 1113 562 1180 anteponendi,
571 1119 602 1183 ut
614 1113 692 1179 equis
703 1111 803 1164 vetulis
816 1117 930 1164 teneros
942 1125 988 1160 au-

183 1182 459 1248 teponeresolemus.
493 1181 611 1250 Indigna
620 1180 733 1233 homine
745 1180 896 1232 dubitatio.
923 1178 988 1231 Nou

183 1253 256 1305 cuim
268 1247 568 1314 amicitiarumdebent
578 1266 653 1314 esse,
671 1250 742 1313 sicut
753 1249 871 1301 aliarum
882 1263 988 1310 rerum,

92 1356 100 1375 s
182 1321 339 1374 satietates.
375 1318 551 1372 Veterrimae
566 1333 703 1387 quaeque,
724 1324 756 1370 ut
768 1318 892 1381 eaviua,
914 1332 988 1384 quae

182 1396 350 1442 vetustatem
361 1388 460 1452 ferunt,
481 1405 546 1440 esse
554 1389 657 1448 debent
667 1388 860 1441 suavissimae:
879 1401 989 1438 verum·

184 1474 237 1527 que
247 1459 318 1518 illud
330 1465 382 1523 est,
393 1458 467 1527 quod
478 1456 587 1523 dicitur,
604 1460 702 1511 multos
712 1457 816 1510 modios
827 1456 893 1509 ralis
903 1455 989 1508 simui

87 1575 108 1592 ,,
161 1542 164 1548 ’
184 1530 299 1582 edendos
310 1546 378 1591 esse,
397 1535 429 1580 ut
440 1528 581 1580 amicitiae
596 1544 695 1580 munus
706 1521 847 1595 expletum
859 1517 906 1579 sit.
943 1526 988 1579 68.

183 1597 330 1652 Novitates
340 1604 448 1660 autem,
469 1597 494 1648 si
504 1613 581 1664 spem
592 1599 722 1662 afferunt,
741 1605 784 1661 ut,
804 1604 947 1665 tamquam
958 1596 991 1648 iu

184 1667 278 1720 herbis
289 1682 344 1718 nou
356 1666 513 1728 fallacibus,
535 1667 641 1718 fructus
652 1674 796 1734 appareat,
813 1673 944 1718 nunaunt
955 1664 990 1716 il·

184 1735 238 1789 lae
247 1737 358 1802 quidem
378 1735 580 1803 repudiandaez
602 1742 727 1789 vetustas
747 1742 841 1787 tamen
857 1750 908 1787 suo
924 1734 990 1786 loco

185 1806 374 1859 conservanda
385 1812 435 1858 est.
472 1804 597 1858 Maxima
607 1811 650 1857 est
662 1806 736 1858 euim
748 1806 789 1856 ris
798 1804 949 1856 vetustatis
960 1804 992 1857 et

185 1874 401 1934 consuetudinis.
436 1873 509 1935 Quin
520 1874 580 1941 ipso
592 1890 672 1942 equo,
685 1875 764 1927 cuius
773 1872 990 1925 modomentio·

151 1939 162 1962 ⁸
183 1957 247 1994 nem
257 1941 321 2005 ieci,
331 1943 356 1994 si
367 1943 444 1994 nulla
454 1958 499 1994 res
510 1943 654 2010 impediat,
665 1958 747 1997 neruo
758 1948 810 2005 est,
822 1942 872 2010 qui
882 1955 991 2005 noneo,

185 2025 240 2078 quo
253 2013 409 2074 cousuevit,
431 2012 564 2063 libentius
576 2018 681 2076 utatur,
700 2027 781 2080 quam
793 2012 948 2063 intractato
960 2016 991 2061 et

183 2093 269 2152 uovoq
288 2096 341 2132 nec
351 2079 434 2133 modo
446 2082 474 2131 in
484 2080 550 2144 hoc,
569 2096 643 2149 quou
653 2087 698 2134 est
708 2080 825 2143 animal,
849 2077 942 2132 sedin
953 2078 990 2150 iis

184 2148 278 2211 etiam,
290 2165 364 2222 quae
373 2156 437 2201 sunt
446 2150 606 2214 inanimata,
617 2149 787 2203 consuetudo
797 2149 887 2213 valet3
904 2162 990 2216 quum

174 2216 255 2276 ¹locis
266 2219 334 2285 ipsis
346 2218 527 2282 delectemur,
546 2221 704 2280 montuosis
717 2220 802 2271 etiam
814 2219 842 2271 ot
853 2216 990 2269 silvestri-

183 2285 257 2367 bus,¹
269 2288 297 2338 in
314 2290 412 2355 quibus
428 2287 535 2340 diutius
549 2289 717 2341 commorati
731 2304 835 2339 sunrus.
871 2287 917 2339 ou,
934 2284 991 2339 Sed

183 2369 334 2408 niaximum
348 2358 429 2409 estin
440 2358 574 2419 amicitia,
585 2358 756 2424 superiorem
768 2372 863 2424 parem
876 2371 940 2407 esse
950 2354 991 2405 in·

183 2423 290 2478 feriori.
309 2425 398 2490 Saepe
408 2426 479 2476 enim
492 2428 675 2479 excellentiae
685 2426 820 2493 quaedam
831 2431 910 2476 suut:
923 2439 991 2493 qua·

183 2490 219 2542 lis
243 2497 304 2545 orat
325 2493 464 2559 Scipionis.
481 2495 511 2545 in
532 2502 689 2558 nostro,ut
708 2497 750 2547 ita
769 2494 870 2555 dicam,
891 2508 989 2561 grege.

31 2584 38 2593 ·
80 2613 85 2620 ,
180 2557 341 2628 'Numquam
352 2561 535 2627 seillePhilo‚
544 2579 695 2632 numquam
703 2564 827 2629 Rupilio,
838 2577 990 2643 numquam

183 2624 317 2682 Monunio
339 2632 513 2698 anteposuit,
532 2631 692 2703 ‘numquam
714 2632 860 2694 inferioris
880 2631 988 2686 orduus
