2084 3025
167 115 225 178 oo
270 129 272 132 ·
439 103 701 176 uso'rsrcus
760 115 764 133 ’-

168 224 252 287 bunt,
274 223 373 276 iniusti
393 205 583 293 habebuntur3
612 219 697 277 nullis
720 213 870 293 praesidiis
891 225 979 291 septi,

169 296 264 347 multis
275 295 558 349 mticiorturiniuriis.
592 298 636 348 40.
655 299 744 365 Atque
760 298 794 346 iis
805 296 905 354 etiam,
930 294 982 360 qui

82 383 91 398 ’
169 365 302 426 rendunt,
311 372 413 427 essunt,
425 367 591 428 conducunt,
609 363 980 434 lomntxcontrabendisquc

171 434 292 501 negotiis
307 434 499 501 implicantur,
520 437 629 488 iustitia
645 436 680 487 ad
696 452 754 488 rem
770 435 920 501 gereridnm
933 449 981 485 ue·

172 504 295 555 cessuria
305 511 357 556 cst.
393 507 478 557 Cuius
487 513 568 558 tanta
582 507 625 557 vis
636 514 691 568 est,
712 512 743 556 ut
754 522 788 556 ne
798 505 842 555 illi
854 502 981 570 quidem,

172 573 220 642 qui
230 567 368 625 maleficio
384 581 413 626 ct
424 569 529 628 scelere
541 584 704 643 poscuntur,
725 575 835 640 possint
846 574 908 624 siue
918 571 982 623 ulla

172 643 311 711 particule
322 644 446 697 iustitiae
457 647 559 697 vivere.
596 646 666 697 Num
683 646 731 711 qui
742 660 836 695 eorum
848 642 981 708 cuipiam,

172 712 219 781 qui
229 728 284 763 uns
295 714 509 776 latrocinantur,
529 714 640 766 furatur
658 714 763 781 aliquid
776 721 823 764 aut
835 712 936 777 cripit,
956 712 982 761 is

173 782 228 834 sibi
239 798 272 834 ne
280 784 312 833 in
319 777 470 835 latrocinio
483 784 594 851 quidem
605 785 737 851 relinquit
748 785 851 833 locum:
872 782 924 833 illc
935 796 982 831 nu-

92 917 94 920 ·
174 860 244 914 tem,
268 853 314 919 qul
328 852 497 919 archipirata
512 853 624 914 dicitur,
644 852 982 920 nisincquubiliterprae·

78 967 86 980 ,
175 921 240 972 dem
259 922 419 988 dispertiat,
440 929 488 973 sut
504 924 688 974 interficiatur
704 923 817 974 aseclis
833 929 882 971 aut
897 920 982 971 relin·
1033 921 1034 928 ’

175 997 286 1060 quatur.
324 992 396 1051 Quin
413 993 498 1043 etiam
513 994 590 1059 leges
607 994 748 1044 latronum
763 1008 824 1043 esse
840 990 981 1048 dicuntur,

175 1061 274 1127 quibus
284 1067 414 1126 pareant,
431 1077 499 1128 quas
510 1063 666 1114 observent.
701 1062 798 1127 ltaque
809 1065 927 1126 propter
937 1074 982 1108 ae·

176 1129 313 1195 quebilem
334 1131 455 1195 praedae
474 1133 655 1197 partitionem
675 1138 704 1182 et
719 1130 849 1197 Bardylis
866 1128 980 1196 illyrius

174 1199 265 1258 latro,
286 1199 321 1250 de
333 1215 386 1265 quo
398 1208 441 1251 est
452 1201 526 1267 apud
537 1201 763 1268 Theopompum,
782 1213 898 1264 magnas
914 1211 983 1263 opes

174 1268 288 1329 habuit,
309 1277 338 1319 et
357 1270 446 1321 multo
467 1272 587 1323 nmiores
609 1271 734 1322 Viriatus
750 1271 915 1320 Lusitanus:
939 1265 983 1317 cui

176 1338 288 1405 quidem
299 1340 383 1390 etiem
397 1340 536 1391 exercitus
546 1342 635 1391 nostri
646 1342 884 1407 Imperatoresque
894 1352 983 1387 cesse·

175 1415 253 1470 ruut3
275 1403 357 1475 quem
377 1411 406 1459 G.
424 1409 551 1472 lucullus,
572 1412 610 1471 is,
633 1412 679 1477 qui
697 1411 807 1475 sapiens
826 1414 982 1473 usurpatur,

175 1477 293 1530 Praetor
302 1476 388 1544 fregit
398 1485 426 1530 st
437 1480 612 1542 comminuit,
624 1480 854 1545 ferocitatemque
864 1476 926 1529 eius
941 1476 984 1527 ita

176 1549 323 1615 repressit,
344 1556 376 1600 ut
387 1549 471 1601 futile
482 1550 586 1605 bellum
598 1552 713 1617 reliquis
723 1551 854 1600 traderet.
892 1549 982 1610 Quum

154 1668 156 1679 ,
176 1619 263 1686 igitur
281 1625 363 1673 tenta
380 1620 421 1670 ris
435 1620 559 1671 iustitiae
576 1621 625 1682 sit,
644 1628 675 1671 ut
691 1620 825 1671 suetiam
842 1617 984 1668 latronum
1033 1642 1034 1673 3

177 1704 246 1754 opes
256 1690 347 1740 tirmet
360 1697 442 1754 atque
453 1696 570 1755 augeat,
586 1700 716 1755 quantem
727 1691 785 1741 elus
797 1689 851 1738 vim
860 1687 936 1738 inter
945 1685 985 1736 le·

177 1773 226 1824 ges
242 1766 271 1810 et
280 1759 387 1810 iudicia
399 1760 425 1809 in
437 1760 589 1810 coustitute
606 1761 749 1826 republica
764 1759 826 1809 iore
836 1752 984 1822 putamusl

177 1827 237 1878 Xll.
254 1826 298 1878 41.
317 1827 388 1879 Mihi
398 1830 508 1895 quidem
521 1825 657 1895 non'apud
668 1829 766 1881 Medos
778 1827 882 1889 sulum,
898 1832 930 1875 ut
942 1824 983 1875 ait

176 1897 401 1959 Herodotussed
413 1900 498 1950 etium
511 1896 584 1965 apud
596 1900 715 1950 maiores
726 1904 845 1958 nostros,
856 1895 982 1947 iustitiae

149 1999 155 2014 .
176 1966 311 2019 fractulae
327 1982 425 2019 caussa
446 1968 575 2020 ridentur
595 1969 660 2018 olim
683 1970 755 2020 bene
773 1967 877 2017 murati
894 1965 982 2030 Reges

178 2034 332 2087 constituti.
364 2037 439 2088 Nam
456 2054 539 2105 quum
554 2045 726 2105 premeretur
742 2039 823 2102 inops
833 2033 981 2086 multitudo

177 2105 212 2157 eb
222 2105 269 2166 iis,
279 2107 458 2172 quimsiures
469 2123 536 2174 opes
549 2106 696 2159 habebunt:
717 2107 752 2158 ad
765 2121 848 2156 unum
861 2105 981 2171 aliquem

178 2174 386 2257 confugiebant,
403 2178 507 2229 virtute
516 2184 718 2244 praestantem
737 2177 784 2243 qui
795 2191 878 2242 quum
890 2172 981 2240 probi·

177 2244 256 2295 beret
265 2245 368 2294 miuria
378 2246 532 2309 tenuiores,
552 2248 693 2314 aequitate
708 2244 903 2297 constituenda
912 2257 981 2294 sum·
1033 2260 1034 2283 ξ

177 2328 239 2365 mos
251 2329 311 2365 eum
323 2313 426 2364 intimis
436 2317 499 2381 puri
507 2317 567 2368 iure
578 2318 725 2368 retinebat.
749 2302 911 2380 Eademque
922 2327 981 2364 con·
1033 2308 1034 2317 ’

177 2383 379 2437 stituenderum
394 2383 485 2451 legum
502 2385 557 2436 tuit
575 2401 686 2445 caussa,
707 2401 776 2453 quae
788 2385 905 2451 Regum.
938 2381 979 2432 42

176 2452 221 2503 lus
243 2453 315 2505 enim
336 2468 446 2519 semper
467 2457 622 2520 quaesitum
644 2462 686 2506 est
707 2453 867 2521 aequabile:
894 2465 978 2518 neque
1033 2468 1034 2523 ]

178 2522 346 2591 enimaliter
357 2529 431 2575 esset
441 2524 493 2573 ius.
521 2524 553 2573 ld
565 2525 589 2575 si
600 2525 634 2575 ub
646 2540 700 2574 uno
711 2524 785 2574 iusto
796 2530 824 2575 et
835 2521 910 2572 bono
920 2520 978 2571 vire

179 2589 427 2658 consequebantur,
445 2598 525 2644 erant
535 2608 568 2643 eu
579 2595 712 2644 contenti.
750 2595 838 2653 Quum
849 2591 880 2642 id
890 2591 978 2640 nrines
1033 2592 1034 2659 f

179 2660 359 2729 contingeret,
381 2661 457 2731 leges
467 2661 679 2726 suntinrentae,
701 2677 842 2731 quaecum
855 2661 978 2712 oninibue
