2084 3025
110 97 114 110 ‘
165 108 200 159 36
347 97 403 160 DE
415 102 592 158 *Narulta
609 102 789 160 Duoauu
825 141 829 142 γ

167 225 249 276 posse
261 208 460 260 decreveruntt
477 207 521 259 Ne
531 205 584 268 hoc
595 206 707 275 quidem
717 217 772 259 ros
781 215 889 270 movet,
906 222 971 259 con·

166 276 334 338 sideramus,
357 278 477 345 quaesit
491 277 615 338 utilitas,
636 292 761 344 quaeque
773 278 971 344 opportunitas
998 327 1002 338 x
1027 273 1030 280 ’

165 350 195 399 in
205 348 315 399 homine
326 347 521 410 membrorum,
536 354 567 397 ut
577 346 717 409 iudicetis,
732 348 864 399 membris
875 346 971 398 huma·

167 420 210 472 uis
221 417 296 469 Deos
307 432 362 467 non
372 416 471 482 egeret
482 418 555 479 Quid
566 418 639 469 enim
649 417 764 483 pedihus
775 433 843 484 opus
855 423 898 467 est
909 418 973 468 sine

167 487 311 554 ingressui
327 486 394 553 quid
404 486 539 549 manibus,
550 488 575 538 si
586 484 657 536 nihil
669 484 972 552 comprehendendumi

168 557 234 625 quid
245 556 354 621 reliqua
367 556 552 622 descriptione
568 556 688 608 oninium
702 553 829 622 corporis
840 556 972 622 partium,

167 628 197 677 iu
208 641 262 692 qua
270 624 341 676 nihil
350 626 440 688 inane,
457 625 528 677 nihil
538 625 596 678 sine
609 641 716 688 caussa,
725 622 796 677 nihil
806 640 973 691 supervaca-

168 712 250 749 neum
267 694 327 747 esti
347 695 445 762 ltaque
462 696 539 747 nulla
551 711 595 746 ars
606 695 711 748 imitari
727 692 881 747 sollertiam
893 701 972 745 natu·
1038 693 1041 718 ³

168 770 332 832 raepotest.
362 766 486 818 Habebit
496 765 584 832 igitur
595 765 719 832 linguam
730 763 814 827 Deos,
826 772 853 816 et
864 781 921 815 non
932 764 971 814 lo·
1003 809 1008 814 ,

107 870 113 874 »
169 844 278 904 quetur:
298 835 407 898 dentes,
426 836 567 901 palatum,¹
584 834 679 886 fauces
699 834 803 885 nullum
824 834 858 885 ad
876 843 972 883 usum:

170 906 506 972 quaequeiprocreationis
518 911 728 971 caussa'natura
736 903 973 970 cerporiailinrit,

169 991 203 1027 ea
212 974 319 1027 frustra
335 973 450 1027 habebit
461 975 550 1026 Deus:
572 990 623 1025 nee
637 980 753 1025 externa
768 973 869 1039 magis,
890 987 971 1039 quom

80 1075 82 1078 ·
170 1045 312 1105 interiora,
325 1059 381 1105 cor,
393 1045 546 1109 pulmones,
558 1044 643 1104 iecur,
657 1049 764 1107 eetera3
783 1042 829 1094 oo,
837 1058 915 1109 quae,
927 1042 973 1093 de·

168 1120 262 1166 tracta
271 1113 406 1174 utilitate,
421 1113 486 1180 quid
497 1112 601 1164 habent
612 1112 784 1164 venustatisl
803 1111 973 1179 quandoqui-

170 1184 233 1236 dem
244 1181 313 1234 haec
324 1198 384 1234 esse
393 1184 423 1234 in
435 1181 496 1233 Deo
505 1190 622 1248 propter
632 1180 867 1248 pulchritudinem
878 1180 973 1231 virttis.

170 1254 271 1310 lstisne
286 1253 403 1304 fidentes
419 1253 534 1303 somniis
549 1268 604 1303 non
620 1252 702 1303 modo
719 1252 856 1318 Epicurus
872 1261 899 1302 et
915 1251 975 1300 Me·

171 1323 301 1375 trodorus
313 1329 341 1373 et
351 1321 540 1373 Hermarchus
549 1329 646 1372 contra
657 1321 861 1388 Pythagoram,
881 1319 974 1370 Plato·

140 1405 147 1410 ’
172 1409 247 1455 nem,
277 1391 531 1458 Empedoclemque
557 1392 699 1453 dixerunt,
726 1387 776 1442 sed
795 1390 988 1448 meretricula

141 1497 144 1500 -
172 1461 256 1516 etiam
266 1462 415 1516 Leontium
431 1468 529 1512 contra
540 1460 761 1527 Theophrastum
774 1460 894 1511 scrihere
907 1475 975 1509 ausa

171 1534 225 1586 siti
245 1535 316 1584 scito
328 1533 378 1582 illa
387 1532 499 1600 quidem
509 1547 637 1583 sermone
649 1530 789 1595 etAttico,
810 1531 859 1582 sed
870 1537 974 1581 tannen.

171 1606 291 1657 Tantum
303 1604 417 1669 Epicuri
428 1600 525 1653 hortus
540 1601 638 1652 habuit
654 1601 794 1653 licentiae.
829 1601 866 1650 Et
876 1599 974 1651 soletis

171 1675 261 1741 queri:
281 1674 355 1725 Zeno
377 1672 489 1740 quidem
509 1672 593 1723 etiarn
614 1671 752 1735 litigabat.
789 1669 861 1730 Quid
883 1668 973 1720 dicam

170 1744 329 1796 Albutiuuri
349 1743 421 1795 Nam
430 1740 556 1793 Phaedro
576 1738 646 1791 nihil
657 1740 826 1807 elegantius,
847 1737 916 1790 nihil
925 1738 974 1790 hu-

171 1815 289 1865 manius.
324 1811 379 1864 Sed
389 1809 617 1862 stomachabatur
626 1825 719 1870 senex,
737 1809 836 1876 siquid
848 1809 974 1875 asperius

172 1882 312 1946 dixeram}
333 1896 416 1948 quum
428 1881 563 1945 Epicurus
583 1880 860 1931 contumeliosissime
870 1879 975 1930 Aristo·

172 1953 258 2019 telem
270 1950 427 2011 vexaverit:
438 1944 579 2009 Phaedoni
591 1948 735 2011 Socratico
746 1949 905 2015 turpissime
917 1964 976 1999 rna·

97 2026 103 2038 ‘
171 2012 314 2075 lediuerit:
331 2019 497 2080 Metrodori,
513 2018 618 2071 sodalis
629 2020 680 2081 sui,
696 2019 821 2081 fratrom,
832 2019 975 2069 Timocra-

171 2101 237 2153 tem,
248 2091 314 2158 quia
324 2089 418 2142 nescio
428 2088 494 2156 quid
504 2088 532 2138 in
541 2085 719 2156 philosophia
724 2088 893 2149 dissentiret,
905 2089 976 2139 totis

171 2160 357 2214 voluminibus
370 2158 534 2210 concideritt
547 2159 772 2210 inDcmocritum
781 2158 883 2224 ipsum,
892 2171 986 2225 quern:

171 2236 284 2284 secutus
290 2236 342 2291 est,
353 2229 578 2296 fueritiogratus:
589 2226 978 2296 Nausiphanem3ma'gistrum

118 2302 123 2308 ’
172 2316 259 2360 suum,
273 2317 291 2350 a
301 2316 354 2368 quo
365 2314 420 2350 nou
429 2299 499 2350 nihil
509 2297 654 2360 didicerat,
673 2304 731 2349 tem
741 2297 815 2349 male
826 2297 979 2364 acceperit.

171 2369 299 2422 XXXIV.
310 2371 384 2421 Zeno
396 2369 508 2436 quidem
519 2382 574 2419 non
585 2382 634 2419 eos
646 2367 747 2429 solum,
777 2367 807 2418 ui
815 2373 874 2417 tum
886 2375 980 2429 erant,

130 2462 133 2467 ·
172 2440 384 2510 Apollodorum,
408 2437 531 2506 Syllum,
551 2442 659 2489 ceteros
680 2383 783 2504 ligebth
802 2436 981 2500 meledictis3

171 2509 220 2562 sed
231 2509 376 2574 Socratem
387 2509 487 2574 ipsum,
506 2510 649 2579 parentem
660 2496 860 2572 philosophiae,
870 2505 981 2558 Latino

163 2580 257 2633 'verbo
273 2586 366 2641 utens,
388 2592 513 2629 scurram
529 2575 651 2626 Atticum
668 2574 773 2642 [fuisse]
790 2574 913 2627 dicebat:
934 2576 982 2627 94.

173 2650 357 2718 Chrysippum
368 2660 517 2714 numquam
526 2643 581 2695 nisi
591 2642 758 2713 Chesippum
768 2644 896 2697 vocabat.
935 2646 996 2697 Tu⁷
