2084 3025
172 165 225 218 soa
435 157 705 215 vorrurrumus
797 143 800 146 ’

166 270 280 335 legem,
300 281 372 333 quae
387 266 492 332 scripto
504 267 596 318 *sancit
607 264 683 332 quod
699 263 774 327 ruit,
794 261 983 315 autiubendo

173 344 222 389 aut
232 335 362 398 vetando,
373 341 404 386 ut
414 337 525 402 vulgus,
537 336 688 404 appellare.
710 333 983 386 continendi-nero

173 407 241 461 iuris
259 407 293 457 ab
308 405 362 458 illa
375 422 484 457 summa
499 407 562 474 lege
574 404 895 473 capiamus-exordium„
911 419 984 470 quae

174 475 292 529 sacculis
305 476 432 527 omnibus
445 483 510 530 ante
522 484 589 529 nata
599 484 651 538 est,
671 490 754 542 quam
765 475 872 540 scripta
883 474 930 525 lex
941 472 985 525 ul·

173 548 210 609 la,
220 551 270 599 aut
280 561 366 613 quarn
374 548 487 598 omnino
498 548 598 598 civitas
610 547 771 598 constituta.
801 546 845 597 20.
858 544 985 607 licom-

174 615 285 667 urodius
304 631 373 669 vero
392 624 421 668 et
440 617 474 668 ad
489 618 627 670 rationem
638 615 770 669 instituti
785 614 922 667 sermonis
941 628 986 664 sa·

173 687 304 754 pientius.
322 710 326 714 2
340 687 380 738 M.
398 687 485 740 Visne
497 703 575 755 ergo,
595 687 682 754 ipsius
692 687 762 737 iuris
774 690 865 755 crtum
878 683 985 735 alonte
1034 748 1038 753 .

174 755 352 823 repetamusl
370 771 424 824 quo
436 758 562 821 invento,
581 773 637 808 non
652 757 706 809 crit
716 757 850 818 dubium,
862 769 917 822 quo
928 754 989 805 sint

175 825 245 879 haec
258 825 419 890 referenda,
438 843 508 894 quae
524 827 690 895 quaerimus.
728 826 761 888 Q.
780 826 841 893 Ego
858 839 926 876 roro
943 825 986 874 ita

176 897 334 949 faciendum
346 913 407 949 esse
418 913 526 952 censeo.
562 898 641 949 Aur.
652 897 699 950 Mc
710 912 818 963 quoque
830 895 996 957 adscribitis,
1030 932 1032 937 ·

175 968 273 1020 fratris
294 967 457 1018 sententiae.
493 965 533 1018 M.
553 967 689 1029 Quoniam
712 963 800 1033 igitur
815 965 875 1016 eius
891 965 985 1030 reipu-

176 1038 281 1099 blicae,
304 1050 386 1102 quam
402 1037 538 1103 optimam
554 1053 616 1089 essc
629 1037 726 1088 docuit
735 1038 763 1087 in
775 1036 833 1087 illis
843 1051 894 1087 sex
904 1035 986 1086 libris

178 1108 280 1173 Scipio,
285 1104 419 1161 tenendus
431 1113 474 1158 est
484 1107 564 1170 nobis
574 1113 603 1159 et
613 1107 763 1159 servandus
770 1112 871 1167 status,
877 1121 986 1157 omncs·

178 1192 232 1244 quc
247 1176 325 1241 leges
340 1177 593 1230 accommodandae
603 1177 644 1235 ad
659 1176 730 1227 illud
745 1176 870 1228 civitatis
885 1190 987 1244 genus,

176 1245 289 1299 serendi
299 1246 385 1298 etiam
396 1261 500 1309 mores,
519 1263 571 1300 nec
584 1247 697 1314 scriptis
709 1247 807 1298 ,omnia
820 1244 984 1307 sanciendas

177 1322 302 1383 repetam
317 1316 432 1382 stirpem
445 1316 515 1368 iuris
533 1333 550 1369 a
565 1324 680 1385 natura,
700 1333 757 1384 qua
771 1316 841 1368 duec
851 1322 895 1367 est
905 1313 985 1367 nobis

178 1387 269 1439 omnis
280 1385 435 1452 disputatio
447 1387 620 1452 explicanda.
656 1388 735 1440 Ans.
753 1386 936 1439 Rectissime:
958 1390 987 1437 st

178 1457 290 1526 quidem
300 1457 357 1508 ista
366 1457 437 1509 duce
447 1459 536 1509 errari
545 1459 621 1511 nullo
633 1463 716 1525 pacto
723 1464 831 1526 potest.
854 1473 860 1485 *

229 1526 290 1581 vll.
308 1525 352 1580 21.
375 1528 415 1581 Μ.
433 1528 528 1581 Dasne
547 1529 634 1597 igitur
654 1520 707 1580 hoc
726 1528 819 1592 nobis,
840 1526 988 1594 Pomponi,

177 1604 255 1663 (nam
266 1598 365 1660 Quinti
379 1600 445 1649 novi
458 1600 627 1652 sententiam
650 1599 684 1652 dc
699 1599 824 1652 Deorum
840 1600 985 1649 immorta-

177 1670 246 1724 lium
257 1670 286 1719 vi
296 1675 325 1720 et
336 1673 451 1731 natura)
462 1670 580 1733 radone,
590 1675 741 1737 potestate,
752 1676 853 1731 mente,
863 1667 988 1730 numine,

156 1783 158 1789 2
177 1740 236 1791 sive
251 1738 325 1805 quod
341 1744 385 1790 est
400 1739 477 1790 aliud
493 1741 622 1803 verbum,
643 1755 698 1807 quo
708 1740 819 1807 planius
830 1738 986 1791 sienificem

92 1861 95 1865 ,
178 1808 255 1876 quod
268 1808 348 1870 volo,
368 1815 497 1876 naturam
513 1826 622 1862 omnem
636 1810 714 1877 regil
733 1810 806 1862 Nam
820 1811 846 1861 si
882 1817 916 1861 ot
931 1823 988 1861 non

178 1881 289 1945 probas,
309 1880 343 1931 ab
355 1895 389 1930 eo
400 1881 480 1931 nobis
492 1897 592 1932 caussa
601 1879 737 1932 ordienda¹
747 1886 790 1933 est
798 1874 986 1947 potissimum.

178 1949 258 2001 slus.
277 1948 322 1999 Do
339 1964 421 2012 sane,
441 1952 466 2001 si
485 1951 620 2017 postulas.
657 1951 769 2012 Etenim
783 1951 900 2017 propter
912 1946 988 1999 hunc

178 2024 340 2070 concentum
362 2021 456 2071 arium
476 2022 679 2088 strepitumque
694 2019 851 2084 fluminum,
871 2036 928 2071 non
942 2034 989 2071 re·

109 2101 112 2107 ·
177 2102 255 2151 reor,
275 2088 530 2157 condiscipulorum
549 2090 648 2158 nequis
668 2091 807 2144 exaudiat.
844 2092 884 2143 Μ.
901 2088 988 2158 Atqui

96 2158 99 2161 ’
177 2158 329 2210 carendum
340 2164 391 2212 est.
428 2160 526 2213 Solent
537 2163 621 2225 enim,
641 2161 672 2212 id
683 2161 757 2228 quod
767 2161 891 2214 virorum
900 2160 988 2211 bono·

178 2243 238 2279 rum
254 2234 310 2291 est,
332 2229 482 2282 admodum
497 2231 591 2283 irasci.
628 2231 687 2284 Nec
701 2247 768 2284 roro
780 2231 885 2295 ferent,
904 2231 929 2283 si
939 2245 986 2283 au·

177 2297 294 2380 dierint,
315 2304 343 2350 to
358 2301 477 2367 primum
494 2302 580 2369 capnt
592 2301 646 2352 riri
656 2302 756 2370 optimi
767 2302 939 2369 prodidisse:
957 2299 989 2352 in

78 2380 83 2386 ·
178 2382 233 2434 quo
245 2368 364 2435 scripsit,
384 2369 465 2422 Nion
474 2369 573 2424 curare
583 2370 687 2435 Deam,
707 2389 755 2425 nec
765 2373 818 2437 sai,
836 2390 885 2427 osc
895 2368 987 2425 alieni.

148 2475 150 2477 -
176 2439 220 2491 22.
238 2439 317 2491 Aur.
332 2438 430 2504 Perge,
441 2455 559 2506 quaes03
575 2457 639 2493 nam
648 2442 695 2505 id,
704 2441 777 2510 quod
787 2442 841 2494 tihi
852 2439 988 2503 concessi,

177 2521 308 2573 quorsum
325 2509 477 2573 pertineat,
499 2518 640 2578 exspecto.
677 2512 797 2564 M.'Non
811 2512 988 2566 faciamlou·

176 2576 247 2642 gius.
267 2578 331 2628 Huc
342 2578 415 2628 enim
427 2580 559 2645 pertinet:
594 2581 697 2636 animal
708 2581 763 2634 hoc
773 2583 933 2651 providum,
944 2596 988 2633 sav

174 2658 240 2709 gar,
255 2646 411 2713 multiplex,
427 2657 551 2712 acutum,
570 2666 687 2715 memor,
703 2652 948 2719 plenumrationis
959 2657 988 2704 ct

175 2715 296 2777 consilii,
317 2732 398 2783 quem
407 2733 540 2771 vocamus
550 2718 692 2784 hondoem,
707 2723 854 2790 praeclare
865 2723 986 2790 quadan
