2084 3025
174 120 209 174 12
289 128 293 134 ¹
352 86 409 172 na
427 118 597 193 aaroni
614 89 796 174 osonum

174 226 238 276 dam
251 222 287 276 ab
295 222 411 275 'infinito
421 229 547 290 tempore
557 225 719 291 aetemitna
729 223 985 291 qnam-nullatem-

172 309 273 362 porum
281 292 502 359 circumscriptio
509 295 788 360 metiebatur,spatio
797 300 901 357 tamen,
911 308 986 361 qua·

174 361 211 414 lis
223 361 363 424 oaiuerit,
383 362 504 428 intelligi
513 370 685 430 nonpotest=
706 364 781 431 quod
790 364 985 432 ncinoogita·

173 434 281 485 tlonem
293 431 403 498 quidem
414 430 501 494 eadit,
518 439 551 483 ut
559 431 644 484 fuerit
654 441 765 501 tempus
776 432 899 500 aliquod,
920 433 989 485 nul·

173 503 232 555 lum
244 516 326 569 quum
337 509 447 568 ternpus
457 506 541 554 esset.
557 504 601 554 22.
612 503 669 554 lsto
679 503 767 570 igitur
776 510 835 554 tam
844 503 986 554 immenso

174 571 267 638 spatio
282 585 394 638 quacro,
403 570 506 633 Balbe,
523 586 573 623 cur
581 572 709 625 Pronoea
718 578 812 624 vestra
821 571 986 630 cessaverit.

26 627 29 638 ¹
92 641 95 646 ⁴
175 641 351 695 Laboremue
361 639 504 708 fugiebatt
527 643 564 692 At
572 641 626 693 iste
636 657 688 694 nec
698 643 813 710 attingit
821 642 922 703 Deum,
931 656 988 693 nec

175 710 337 773 eratullus,
357 725 440 778 quum
452 725 548 763 omnes
557 718 673 763 naturae
682 713 787 764 numini
798 711 901 774 divino,
922 726 987 762 cae·

174 780 242 843 lum,
251 780 341 847 ignes,
352 786 454 843 terrae,
463 780 553 831 oraria
563 787 703 849 parerent.
721 781 795 843 Quid
807 786 899 833 autem
911 785 986 843 eran

176 848 251 917 quod
258 848 470 916 ‘concupisceret
480 848 571 912 Deus,
588 851 720 902 mundum
735 850 822 918 signis
832 855 861 902 et
871 848 988 901 lumini·

175 921 238 982 bus,
251 923 393 986 tamquam
403 918 520 982 Aedilis,
532 919 649 972 ornaret
666 919 713 983 δίς
726 926 758 971 ut
768 920 845 972 Deus
856 919 918 985 ipsc
926 932 987 970 mo·

157 1021 162 1028 -
175 988 231 1042 lius
241 985 400 1041 habitaretl
411 996 496 1044 antea
504 988 636 1040 videlicet
644 996 770 1055 tempore
780 988 892 1039 infinito
902 987 932 1038 in
943 992 987 1039 to·
1030 1045 1034 1053 ,

177 1058 280 1120 nebris,
291 1064 433 1124 tamquam
444 1058 474 1108 iu
487 1058 643 1126 gurgustio,
653 1056 838 1114 habitaverat.
855 1056 924 1109 Post
936 1071 986 1108 nu·

176 1133 234 1180 tun
243 1123 416 1198 varietatene
427 1142 490 1180 eum
502 1127 639 1182 delectari
647 1133 791 1195 putamus,
811 1142 866 1194 qua
876 1126 987 1178 eaelum

176 1202 307 1250 attentas
316 1201 468 1249 exornatas
477 1196 621 1260 videmusi
657 1197 736 1259 Quae
751 1198 807 1248 ista
818 1201 988 1263 potestesse

178 1265 333 1333 oblectatio
343 1263 423 1317 Deoi
445 1264 522 1327 Quae
533 1266 558 1316 si
568 1271 651 1327 esset,
661 1282 717 1318 non
727 1283 762 1319 ea
770 1266 877 1317 tamdiu
888 1278 987 1318 carere

178 1336 326 1403 potuisset
335 1332 510 1399 23.Anhaec,
519 1342 552 1386 ut
562 1333 988 1398 feredicitis,hominumoaussa

177 1407 267 1458 aDeo
279 1404 525 1456 constituta'suntl
552 1402 767 1471 Sapientumnei
788 1412 903 1474 propter
917 1419 987 1471 pao·

178 1488 226 1529 cos
238 1475 326 1543 igitur
335 1479 413 1527 tanta
426 1478 469 1527 est
484 1472 562 1526 facta
576 1489 669 1529 rerum
679 1475 799 1528 molitio.
834 1477 876 1530 dn
886 1474 988 1526 stulto·

178 1545 257 1598 romi
270 1550 301 1597 at
311 1544 430 1611 primum
437 1558 541 1597 ,caussa
550 1559 606 1598 noa
617 1544 680 1609 fuit,
691 1561 741 1599 cur
751 1546 786 1598 de
795 1545 930 1611 improbis
939 1545 988 1596 bo·

179 1631 215 1668 ue
234 1618 398 1667 mercretur.
442 1612 553 1667 Deinde
570 1615 638 1681 quid
658 1622 701 1670 cst
721 1621 879 1677 assecutus,
900 1628 986 1684 quum

179 1700 276 1738 manes
287 1683 366 1736 stulti
376 1684 432 1735 sint
442 1684 502 1737 sinc
512 1683 598 1736 dubio
608 1686 770 1748 miserrimi3
781 1686 900 1736 maxime
911 1681 987 1750 quod

93 1771 98 1777 ·
179 1754 262 1807 stulti
275 1760 353 1807 sunt:
377 1754 507 1817 miserius
522 1752 597 1806 euim
618 1754 740 1805 stultitia
755 1753 821 1817 quid
839 1767 987 1818 possumus

179 1824 292 1879 ciceret
312 1822 424 1886 deinde,
443 1824 517 1891 quod
532 1825 574 1876 ita
587 1823 677 1874 multa
691 1827 755 1871 sunt
770 1818 945 1871 incommoda
955 1821 988 1876 ia

178 1897 247 1957 rita,
256 1899 289 1947 ut
298 1908 332 1946 ea
341 1893 481 1962 sapientes
492 1891 700 1945 commodorum
711 1889 936 1955 compensatione
946 1888 988 1942 le·

177 1965 267 2027 uiant,
286 1961 367 2025 stulti
380 1979 433 2015 nec
444 1963 537 2015 vitare
548 1959 691 2013 venientia
705 1959 828 2025 possint,
849 1974 900 2012 nec
909 1956 987 2012 terra

177 2035 346 2103 praeseutia.
374 2032 409 2085 X.
428 2033 484 2094 Qui
493 2044 559 2083 vero
571 2029 702 2080 mundum
713 2030 804 2095 ipsum
816 2030 986 2082 animantem

178 2104 387 2171 sapientemque
402 2117 463 2154 essa
478 2100 622 2162 dixerunt,
644 2098 721 2150 nullo
733 2099 817 2151 modo
832 2095 986 2168 tide[runt]

178 2172 266 2225 muni
279 2171 447 2225 nattuam**
465 2168 664 2234 intelligentes,
678 2168 708 2220 in
718 2184 801 2236 quam
812 2169 930 2236 liguram
941 2184 987 2221 ca·

179 2242 246 2296 dere
255 2247 363 2309 posset:
380 2240 479 2306 dequo
492 2235 583 2289 dicam
595 2238 724 2304 equidem
733 2238 829 2305 paullo
840 2245 914 2306 post.
940 2238 987 2290 24.

178 2313 259 2366 Nunc
274 2316 367 2362 autem
382 2307 516 2359 hactenus
531 2305 690 2360 admirabor
700 2323 796 2360 eorum
812 2308 987 2370 tarditatem,

178 2382 224 2451 qui
236 2379 412 2437 animantem,
422 2376 622 2441 immortalem,
634 2384 662 2429 et
672 2379 800 2431 eumdem
811 2380 931 2439 beatum,
941 2391 987 2428 ro·

177 2449 292 2505 nandum
305 2460 366 2496 csso
381 2445 482 2507 velint,
501 2446 575 2512 quod
586 2463 620 2498 ea
630 2447 721 2499 forma
731 2448 819 2499 ullam
830 2455 913 2515 neget
925 2454 988 2499 esse

177 2516 364 2587 pulchriorem
380 2513 470 2567 Plato.
506 2516 543 2568 At
558 2515 626 2567 mihi
643 2518 689 2570 vel
705 2518 842 2586 cylindri,
859 2517 905 2569 vel
921 2530 988 2584 qua·

178 2585 260 2647 droti,
271 2582 317 2635 vel
328 2585 399 2646 coni,
410 2584 456 2636 vel
466 2586 623 2653 pyramidis
632 2587 744 2640 videtur
754 2602 815 2640 esse
825 2586 990 2638 formoslon

177 2655 257 2723 Quae
271 2666 338 2707 vero
352 2654 483 2709 tribuitur
497 2656 559 2708 vita
571 2657 753 2712 istirotundo
763 2656 844 2711 Deol
879 2656 988 2725 Nempe
