2084 3025
272 136 393 187 mai
419 133 626 188 vcuramue.
714 192 716 198 ,
777 108 855 194 'aro

50 238 148 308 simias,
159 229 548 306 etaddendodeducendoque
557 238 855 309 viderequaereliqtii

50 322 160 362 worma
170 307 233 357 liat:
244 322 280 358 ex
292 321 354 373 quo,
364 314 498 374 quantum
511 309 608 374 cuique
620 309 763 371 debeatur,
774 311 855 362 intel·

50 376 146 443 ligas„
169 377 213 427 60.
226 374 280 427 Sed
290 382 321 426 ut
331 392 381 428 nec
390 376 503 439 mediol,
523 378 782 444 neelmperatorcs,
804 395 856 432 nec

51 451 190 510 oratores,
207 444 331 511 quamvis
343 446 411 496 artis
422 453 572 512 praecepta
583 449 764 513 perceperint,
777 448 856 515 quid·

50 528 248 581 quanenragna
257 514 341 566 laude
352 515 464 580 dignum
481 516 541 566 sine
552 531 603 566 usu
614 523 643 567 et
653 518 855 569 exercitatione

51 582 329 649 consequipessunt:
352 584 393 635 sic
409 584 494 636 ollieii
508 586 692 635 conservandi
705 593 855 651 praecepta

49 651 262 703 tradunturilla
273 652 390 719 quidem,
400 661 431 705 ut
442 652 560 705 facimus
570 654 635 720 ipsi:
648 653 696 705 sed
703 655 743 705 rei
750 656 855 722 magni-

49 720 121 773 tudo
132 736 214 771 usum
225 737 334 787 quoqne
345 724 628 788 exercitationemque
639 722 788 774 desiderat.
809 725 856 775 At·

50 804 104 857 que
115 791 156 841 ab
169 789 205 840 iis
216 791 312 851 rebus,
332 798 477 857 quaesunt
491 794 518 841 in
535 791 596 843 iure
607 791 751 843 societatis
762 788 857 844 hnma-

50 875 114 921 nae,
125 857 357 923 quemadmodum
362 859 481 928 ducatur
487 860 643 924 honestum,
654 875 689 912 ex
699 867 856 928 quooptuut

50 934 95 982 est
103 927 236 988 officium,
247 930 316 979 satis
328 927 388 980 fere
395 929 527 982 diximus.
942 983 945 990 ,

104 994 149 1048 et.
160 997 371 1064 Intelligendum
378 1005 420 1050 est
430 1005 533 1059 autem,
545 999 788 1067 quum·proposita
799 998 858 1051 sint

49 1070 158 1133 genera
169 1072 313 1131 quattuor,
334 1068 461 1134 equibus
472 1067 604 1120 honestas
615 1071 789 1138 ciliciumque
801 1084 857 1121 ma·
894 1119 897 1124 .

49 1141 146 1196 uara,
167 1134 421 1201 splendidissimum
434 1136 539 1197 sideri,
560 1139 634 1204 quod
649 1139 739 1192 animo
756 1156 800 1191 mo
822 1156 857 1192 ne

49 1208 188 1271 elatoque,
199 1203 382 1273 terrenasque
390 1222 436 1258 rer
448 1206 724 1274 despicientefeetnm
735 1210 782 1259 sit.
799 1156 856 1259 ita·

48 1274 270 1396 ppeinpeobris
285 1276 589 1343 maxime-inpromptu
600 1284 657 1339 est,
677 1278 704 1328 si
717 1276 782 1345 quid
791 1276 858 1329 <talc

70 1344 228 1408 'cipotest:

77 1411 146 1465 Ver·
155 1412 263 1475 etenim,
273 1413 394 1478 iuvenca.
401 1412 521 1470 animum
531 1413 632 1484 geritis
641 1412 797 1466 muliebrem
802 1428 814 1472 ,·

77 1482 141 1537 ,lile
152 1480 250 1551 virago
262 1483 317 1534 oiri
321 1502 330 1534 .-

48 1553 117 1606 ctsi
128 1551 197 1618 quid
208 1551 355 1603 eiusmodi:
382 1596 385 1603 ,

85 1621 221 1685 Salmdei,
234 1607 380 1689 del'spdlia,
392 1621 449 1676 nire
460 1623 560 1675 tudere
570 1630 598 1674 et
606 1619 749 1690 singulae.

49 1691 255 1755 Contraquein
266 1690 405 1753 laudibus,
416 1707 488 1758 quae
498 1705 600 1757 magno
608 1691 701 1742 animo
708 1694 735 1740 et
746 1687 860 1740 fortiter

49 1759 281 1826 excellenterque
291 1766 372 1828 gesta
381 1768 459 1822 sunt,
470 1777 512 1812 ¹ea
522 1760 616 1812 nescio
628 1756 767 1826 quonrodo
777 1757 859 1824 quasi

47 1829 182 1896 pleniore
198 1829 415 1881 orelaudamus.
451 1830 526 1880 lline
540 1829 684 1881 rhetorum
699 1840 812 1894 campus
823 1827 859 1880 de

46 1896 231 1958 Marathone,
246 1896 394 1960 Solantine,
412 1897 545 1961 Plataels,
566 1896 771 1964 Thermopylis,
787 1896 860 1949 Lete

5 1986 7 1993 >
49 1967 135 2020 etris:
156 1964 450 2029 bincnosterCocles,
470 1967 535 2019 bine
545 1967 636 2029 Decii,
656 1964 859 2019 biuch.et'P.

49 2034 210 2103 Scipiones,
231 2033 296 2087 binc
314 2036 354 2088 M.
374 2036 540 2098 Marcellus,
560 2035 774 2087 innumerabiles
793 2034 858 2086 aliie

49 2105 303 2170 maximequeipse
314 2105 434 2170 populus
445 2104 585 2155 Romanus
597 2105 682 2155 animi
692 2102 859 2170 enageitudi·

48 2189 85 2227 ne
96 2173 223 2226 excellit.
258 2173 426 2225 Declaratur
438 2180 531 2225 autem
541 2173 661 2224 studium
670 2173 789 2224 bellicae
801 2171 859 2237 glo·

49 2243 128 2305 riae,
167 2241 223 2293 uod
234 2248 341 2292 statuas
353 2257 461 2309 queque
472 2241 597 2293 ridemus
608 2248 709 2292 ornatu
720 2242 779 2293 fere
787 2239 861 2289 mili·

49 2312 118 2364 tari.
185 2311 233 2362 tx,
250 2310 293 2362 62.
304 2310 357 2362 Sed
368 2327 403 2363 ea
413 2308 498 2360 animi
508 2311 606 2372 elatio,
618 2325 688 2377 quae
699 2310 819 2361 cernitur
829 2307 860 2356 ln

49 2380 190 2447 periculis
201 2385 230 2430 ot
245 2379 402 2442 laboribus,
420 2380 445 2430 si
460 2379 570 2430 iustitia
585 2385 678 2440 vacat,
701 2380 860 2442 pugnatque

5 2466 8 2497 ,·
51 2464 109 2496 aaa
120 2460 175 2512 pro
187 2449 278 2494 salute
290 2436 438 2504 compium,
450 2449 508 2494 *sed
518 2462 569 2510 pro
580 2450 637 2493 suls
648 2443 811 2500 comniodis,
829 2441 860 2489 in

52 2514 126 2565 sitio
140 2516 194 2567 eat.
230 2510 294 2562 Non
309 2513 381 2562 enim
397 2510 481 2562 modo
496 2511 527 2562 id
542 2512 654 2561 virtutis
666 2523 720 2558 non
732 2512 788 2566 est,
810 2504 861 2557 sed

5 2586 7 2591 ’
50 2582 150 2648 potius
160 2581 352 2641 immanitatis,
364 2594 474 2632 omnem
485 2573 860 2638 humanitatemrepellentis.

50 2652 154 2720 ltaque
164 2650 252 2719 probe
263 2648 393 2705 delinitur
403 2647 529 2719 aStoieis
535 2645 691 2721 fortitudo,
703 2656 852 2708 quumeam
