<?xml version="1.0" encoding="UTF-8"?>
<!DOCTYPE html PUBLIC "-//W3C//DTD XHTML 1.0 Transitional//EN"
    "http://www.w3.org/TR/xhtml1/DTD/xhtml1-transitional.dtd">
<html xmlns="http://www.w3.org/1999/xhtml" xml:lang="en" lang="en">
 <head>
  <title>
</title>
<meta http-equiv="Content-Type" content="text/html;charset=utf-8" />
  <meta name='ocr-system' content='tesseract 3.04.00' />
  <meta name='ocr-capabilities' content='ocr_page ocr_carea ocr_par ocr_line ocrx_word'/>
</head>
<body>
  <div class='ocr_page' id='page_1' title='image "./opera00nobbgoog_0567.png"; bbox 0 0 2084 3025; ppageno 0'>
   <div class='ocr_carea' id='block_1_1' title="bbox 261 166 845 224">
    <p class='ocr_par' dir='ltr' id='par_1_1' title="bbox 261 166 845 224">
     <span class='ocr_line' id='line_1_1' title="bbox 261 166 845 224; baseline 0.005 -3"><span class='ocrx_word' id='word_1_1' title='bbox 261 167 340 222; x_wconf 75' lang='lat' dir='ltr'>Lus.</span> <span class='ocrx_word' id='word_1_2' title='bbox 358 169 397 223; x_wconf 85' lang='lat'>11.</span> <span class='ocrx_word' id='word_1_3' title='bbox 434 167 520 223; x_wconf 77' lang='lat' dir='ltr'>CAP.</span> <span class='ocrx_word' id='word_1_4' title='bbox 537 170 565 223; x_wconf 82' lang='lat'>2</span> <span class='ocrx_word' id='word_1_5' title='bbox 580 168 608 224; x_wconf 75' lang='grc'>3.</span> <span class='ocrx_word' id='word_1_6' title='bbox 792 166 845 224; x_wconf 76' lang='lat' dir='ltr'>tto</span> 
     </span>
    </p>
   </div>
   <div class='ocr_carea' id='block_1_2' title="bbox 36 271 892 2709">
    <p class='ocr_par' dir='ltr' id='par_1_2' title="bbox 36 271 892 2709">
     <span class='ocr_line' id='line_1_2' title="bbox 36 271 844 336; baseline 0.004 -12"><span class='ocrx_word' id='word_1_7' title='bbox 36 279 75 335; x_wconf 90' lang='lat' dir='ltr'>ut,</span> <span class='ocrx_word' id='word_1_8' title='bbox 90 271 270 324; x_wconf 70' lang='lat' dir='ltr'><strong>honestatem</strong></span> <span class='ocrx_word' id='word_1_9' title='bbox 283 274 318 324; x_wconf 80' lang='lat' dir='ltr'>ab</span> <span class='ocrx_word' id='word_1_10' title='bbox 329 274 456 326; x_wconf 78' lang='lat' dir='ltr'>utilitate</span> <span class='ocrx_word' id='word_1_11' title='bbox 471 288 632 336; x_wconf 84' lang='lat' dir='ltr'>secernens,</span> <span class='ocrx_word' id='word_1_12' title='bbox 653 279 682 326; x_wconf 90' lang='lat' dir='ltr'>et</span> <span class='ocrx_word' id='word_1_13' title='bbox 694 272 844 327; x_wconf 82' lang='lat' dir='ltr'>constitue·</span> 
     </span>
     <span class='ocr_line' id='line_1_3' title="bbox 38 340 843 410; baseline 0.002 -17"><span class='ocrx_word' id='word_1_14' title='bbox 38 349 95 404; x_wconf 88' lang='lat' dir='ltr'>ret,</span> <span class='ocrx_word' id='word_1_15' title='bbox 113 340 263 394; x_wconf 84' lang='lat' dir='ltr'>honestum</span> <span class='ocrx_word' id='word_1_16' title='bbox 275 359 336 395; x_wconf 87' lang='lat' dir='ltr'>esse</span> <span class='ocrx_word' id='word_1_17' title='bbox 347 343 462 410; x_wconf 77' lang='lat' dir='ltr'>aliquid,</span> <span class='ocrx_word' id='word_1_18' title='bbox 477 343 553 409; x_wconf 88' lang='lat' dir='ltr'>quod</span> <span class='ocrx_word' id='word_1_19' title='bbox 564 344 633 395; x_wconf 83' lang='lat' dir='ltr'>utile</span> <span class='ocrx_word' id='word_1_20' title='bbox 643 361 698 395; x_wconf 89' lang='lat' dir='ltr'>non</span> <span class='ocrx_word' id='word_1_21' title='bbox 709 350 796 406; x_wconf 88' lang='lat' dir='ltr'>esset,</span> <span class='ocrx_word' id='word_1_22' title='bbox 814 350 843 395; x_wconf 90' lang='lat' dir='ltr'>ct</span> 
     </span>
     <span class='ocr_line' id='line_1_4' title="bbox 36 412 843 480; baseline 0.002 -17"><span class='ocrx_word' id='word_1_23' title='bbox 36 413 115 474; x_wconf 86' lang='lat' dir='ltr'>utile,</span> <span class='ocrx_word' id='word_1_24' title='bbox 128 412 203 478; x_wconf 86' lang='lat' dir='ltr'>quod</span> <span class='ocrx_word' id='word_1_25' title='bbox 215 429 271 463; x_wconf 94' lang='lat' dir='ltr'>non</span> <span class='ocrx_word' id='word_1_26' title='bbox 283 412 442 464; x_wconf 82' lang='lat' dir='ltr'>honestum=</span> <span class='ocrx_word' id='word_1_27' title='bbox 455 428 510 480; x_wconf 83' lang='lat' dir='ltr'>que</span> <span class='ocrx_word' id='word_1_28' title='bbox 519 412 597 465; x_wconf 81' lang='lat' dir='ltr'>nolin</span> <span class='ocrx_word' id='word_1_29' title='bbox 608 414 743 480; x_wconf 75' lang='lat' dir='ltr'>pernicies</span> <span class='ocrx_word' id='word_1_30' title='bbox 753 414 843 465; x_wconf 78' lang='lat' dir='ltr'>maior</span> 
     </span>
     <span class='ocr_line' id='line_1_5' title="bbox 37 480 841 550; baseline 0.001 -17"><span class='ocrx_word' id='word_1_31' title='bbox 37 481 179 533; x_wconf 85' lang='lat' dir='ltr'>hominum</span> <span class='ocrx_word' id='word_1_32' title='bbox 194 483 270 547; x_wconf 73' lang='lat' dir='ltr'>ritae</span> <span class='ocrx_word' id='word_1_33' title='bbox 286 483 378 548; x_wconf 89' lang='lat' dir='ltr'>potuit</span> <span class='ocrx_word' id='word_1_34' title='bbox 398 482 503 534; x_wconf 80' lang='lat' dir='ltr'>offerri.</span> <span class='ocrx_word' id='word_1_35' title='bbox 540 480 581 535; x_wconf 81' lang='lat'>10.</span> <span class='ocrx_word' id='word_1_36' title='bbox 601 484 715 535; x_wconf 73' lang='lat' dir='ltr'>Summo</span> <span class='ocrx_word' id='word_1_37' title='bbox 730 482 841 550; x_wconf 86' lang='lat' dir='ltr'>quidem</span> 
     </span>
     <span class='ocr_line' id='line_1_6' title="bbox 38 549 842 619; baseline 0.002 -17"><span class='ocrx_word' id='word_1_38' title='bbox 38 552 208 603; x_wconf 78' lang='lat' dir='ltr'>auctoritate</span> <span class='ocrx_word' id='word_1_39' title='bbox 228 549 396 619; x_wconf 78' lang='lat' dir='ltr'>philosophi,</span> <span class='ocrx_word' id='word_1_40' title='bbox 416 567 513 608; x_wconf 83' lang='lat' dir='ltr'>serere</span> <span class='ocrx_word' id='word_1_41' title='bbox 531 568 599 604; x_wconf 75' lang='lat' dir='ltr'>saue</span> <span class='ocrx_word' id='word_1_42' title='bbox 620 559 703 619; x_wconf 74' lang='lat' dir='ltr'>atque</span> <span class='ocrx_word' id='word_1_43' title='bbox 724 550 842 604; x_wconf 84' lang='lat' dir='ltr'>honesto</span> 
     </span>
     <span class='ocr_line' id='line_1_7' title="bbox 36 619 842 688; baseline 0.004 -17"><span class='ocrx_word' id='word_1_44' title='bbox 36 619 186 684; x_wconf 79' lang='lat' dir='ltr'>hacctria,</span> <span class='ocrx_word' id='word_1_45' title='bbox 205 637 307 688; x_wconf 78' lang='lat' dir='ltr'><strong>genere</strong></span> <span class='ocrx_word' id='word_1_46' title='bbox 326 623 454 685; x_wconf 80' lang='lat' dir='ltr'>contuse,</span> <span class='ocrx_word' id='word_1_47' title='bbox 475 621 647 687; x_wconf 75' lang='lat' dir='ltr'>cogitatione</span> <span class='ocrx_word' id='word_1_48' title='bbox 659 622 842 687; x_wconf 82' lang='lat' dir='ltr'>distinguunt.</span> 
     </span>
     <span class='ocr_line' id='line_1_8' title="bbox 37 689 841 755; baseline 0.002 -16"><span class='ocrx_word' id='word_1_49' title='bbox 37 689 180 755; x_wconf 73' lang='lat' dir='ltr'>Quidquid</span> <span class='ocrx_word' id='word_1_50' title='bbox 196 692 271 742; x_wconf 89' lang='lat' dir='ltr'>enim</span> <span class='ocrx_word' id='word_1_51' title='bbox 284 691 387 742; x_wconf 88' lang='lat' dir='ltr'>iustum</span> <span class='ocrx_word' id='word_1_52' title='bbox 405 692 455 754; x_wconf 87' lang='lat' dir='ltr'>sit,</span> <span class='ocrx_word' id='word_1_53' title='bbox 476 690 507 741; x_wconf 90' lang='lat' dir='ltr'>id</span> <span class='ocrx_word' id='word_1_54' title='bbox 524 692 607 741; x_wconf 82' lang='lat' dir='ltr'>etiam</span> <span class='ocrx_word' id='word_1_55' title='bbox 623 690 693 742; x_wconf 85' lang='lat' dir='ltr'>utile</span> <span class='ocrx_word' id='word_1_56' title='bbox 710 707 770 742; x_wconf 83' lang='lat' dir='ltr'>esse</span> <span class='ocrx_word' id='word_1_57' title='bbox 781 706 841 741; x_wconf 86' lang='lat' dir='ltr'>een·</span> 
     </span>
     <span class='ocr_line' id='line_1_9' title="bbox 36 759 840 826; baseline -0.002 -16"><span class='ocrx_word' id='word_1_58' title='bbox 36 767 109 810; x_wconf 82' lang='lat' dir='ltr'>sent:</span> <span class='ocrx_word' id='word_1_59' title='bbox 120 760 245 826; x_wconf 83' lang='lat' dir='ltr'>itemque</span> <span class='ocrx_word' id='word_1_60' title='bbox 258 761 333 826; x_wconf 88' lang='lat' dir='ltr'>quod</span> <span class='ocrx_word' id='word_1_61' title='bbox 344 759 499 822; x_wconf 87' lang='lat' dir='ltr'>honestum,</span> <span class='ocrx_word' id='word_1_62' title='bbox 511 759 585 812; x_wconf 88' lang='lat' dir='ltr'>idem</span> <span class='ocrx_word' id='word_1_63' title='bbox 598 761 710 811; x_wconf 84' lang='lat' dir='ltr'>iustum.</span> <span class='ocrx_word' id='word_1_64' title='bbox 734 761 775 810; x_wconf 72' lang='lat' dir='ltr'>lix</span> <span class='ocrx_word' id='word_1_65' title='bbox 787 776 840 825; x_wconf 86' lang='lat' dir='ltr'>qno</span> 
     </span>
     <span class='ocr_line' id='line_1_10' title="bbox 36 829 841 898; baseline -0.001 -17"><span class='ocrx_word' id='word_1_66' title='bbox 36 829 169 891; x_wconf 86' lang='lat' dir='ltr'>efficitur,</span> <span class='ocrx_word' id='word_1_67' title='bbox 190 835 237 891; x_wconf 87' lang='lat' dir='ltr'>ut,</span> <span class='ocrx_word' id='word_1_68' title='bbox 259 830 391 898; x_wconf 77' lang='lat' dir='ltr'>quidquid</span> <span class='ocrx_word' id='word_1_69' title='bbox 407 830 545 883; x_wconf 79' lang='lat' dir='ltr'>honestum</span> <span class='ocrx_word' id='word_1_70' title='bbox 557 829 609 891; x_wconf 82' lang='lat' dir='ltr'>sit,</span> <span class='ocrx_word' id='word_1_71' title='bbox 626 830 697 881; x_wconf 83' lang='lat' dir='ltr'>idem</span> <span class='ocrx_word' id='word_1_72' title='bbox 712 829 749 881; x_wconf 80' lang='lat' dir='ltr'>sit</span> <span class='ocrx_word' id='word_1_73' title='bbox 764 829 841 881; x_wconf 77' lang='lat' dir='ltr'>utile.</span> 
     </span>
     <span class='ocr_line' id='line_1_11' title="bbox 37 896 841 966; baseline 0.001 -18"><span class='ocrx_word' id='word_1_74' title='bbox 37 897 118 959; x_wconf 77' lang='lat' dir='ltr'>Quod</span> <span class='ocrx_word' id='word_1_75' title='bbox 130 898 179 964; x_wconf 89' lang='lat' dir='ltr'>qui</span> <span class='ocrx_word' id='word_1_76' title='bbox 190 914 287 964; x_wconf 78' lang='lat' dir='ltr'>porum</span> <span class='ocrx_word' id='word_1_77' title='bbox 298 901 482 966; x_wconf 83' lang='lat' dir='ltr'>perspiciunt,</span> <span class='ocrx_word' id='word_1_78' title='bbox 502 898 530 949; x_wconf 88' lang='lat' dir='ltr'>hi</span> <span class='ocrx_word' id='word_1_79' title='bbox 540 915 636 965; x_wconf 79' lang='lat' dir='ltr'>saepe,</span> <span class='ocrx_word' id='word_1_80' title='bbox 657 906 786 951; x_wconf 77' lang='lat' dir='ltr'>versutos</span> <span class='ocrx_word' id='word_1_81' title='bbox 795 896 841 949; x_wconf 92' lang='lat' dir='ltr'>ho·</span> 
     </span>
     <span class='ocr_line' id='line_1_12' title="bbox 37 968 840 1035; baseline 0.001 -18"><span class='ocrx_word' id='word_1_82' title='bbox 37 970 123 1019; x_wconf 89' lang='lat' dir='ltr'>mines</span> <span class='ocrx_word' id='word_1_83' title='bbox 139 974 169 1020; x_wconf 87' lang='lat' dir='ltr'>et</span> <span class='ocrx_word' id='word_1_84' title='bbox 185 968 303 1019; x_wconf 87' lang='lat' dir='ltr'>callidos</span> <span class='ocrx_word' id='word_1_85' title='bbox 320 969 499 1031; x_wconf 70' lang='lat' dir='ltr'>admirantes,</span> <span class='ocrx_word' id='word_1_86' title='bbox 521 968 659 1020; x_wconf 82' lang='lat' dir='ltr'>malitium</span> <span class='ocrx_word' id='word_1_87' title='bbox 675 969 840 1035; x_wconf 79' lang='lat' dir='ltr'>sapientium</span> 
     </span>
     <span class='ocr_line' id='line_1_13' title="bbox 37 1038 840 1105; baseline 0.001 -17"><span class='ocrx_word' id='word_1_88' title='bbox 37 1038 170 1089; x_wconf 85' lang='lat' dir='ltr'>iudicant.</span> <span class='ocrx_word' id='word_1_89' title='bbox 208 1039 332 1100; x_wconf 76' lang='lat' dir='ltr'>Quorum</span> <span class='ocrx_word' id='word_1_90' title='bbox 348 1055 427 1090; x_wconf 86' lang='lat' dir='ltr'>error</span> <span class='ocrx_word' id='word_1_91' title='bbox 442 1038 600 1105; x_wconf 78' lang='lat' dir='ltr'>eripiendus</span> <span class='ocrx_word' id='word_1_92' title='bbox 612 1045 669 1101; x_wconf 85' lang='lat' dir='ltr'>est,</span> <span class='ocrx_word' id='word_1_93' title='bbox 690 1039 840 1105; x_wconf 75' lang='lat' dir='ltr'>opinioque</span> 
     </span>
     <span class='ocr_line' id='line_1_14' title="bbox 38 1107 840 1174; baseline -0.001 -16"><span class='ocrx_word' id='word_1_94' title='bbox 38 1108 126 1158; x_wconf 88' lang='lat' dir='ltr'>omnis</span> <span class='ocrx_word' id='word_1_95' title='bbox 138 1108 173 1159; x_wconf 82' lang='lat' dir='ltr'>ad</span> <span class='ocrx_word' id='word_1_96' title='bbox 186 1124 248 1159; x_wconf 83' lang='lat' dir='ltr'>eam</span> <span class='ocrx_word' id='word_1_97' title='bbox 258 1122 335 1174; x_wconf 83' lang='lat' dir='ltr'>spem</span> <span class='ocrx_word' id='word_1_98' title='bbox 346 1109 524 1170; x_wconf 84' lang='lat' dir='ltr'>traducenda,</span> <span class='ocrx_word' id='word_1_99' title='bbox 537 1116 568 1159; x_wconf 92' lang='lat' dir='ltr'>ut</span> <span class='ocrx_word' id='word_1_100' title='bbox 578 1107 702 1161; x_wconf 76' lang='lat' dir='ltr'>honestis</span> <span class='ocrx_word' id='word_1_101' title='bbox 714 1108 840 1160; x_wconf 88' lang='lat' dir='ltr'>consiliis</span> 
     </span>
     <span class='ocr_line' id='line_1_15' title="bbox 38 1177 840 1246; baseline 0.002 -19"><span class='ocrx_word' id='word_1_102' title='bbox 38 1177 172 1244; x_wconf 85' lang='lat' dir='ltr'>iustisque</span> <span class='ocrx_word' id='word_1_103' title='bbox 183 1178 280 1240; x_wconf 83' lang='lat' dir='ltr'>iactis,</span> <span class='ocrx_word' id='word_1_104' title='bbox 303 1195 358 1229; x_wconf 91' lang='lat' dir='ltr'>non</span> <span class='ocrx_word' id='word_1_105' title='bbox 372 1178 471 1230; x_wconf 83' lang='lat' dir='ltr'>froude</span> <span class='ocrx_word' id='word_1_106' title='bbox 481 1185 510 1230; x_wconf 88' lang='lat' dir='ltr'>et</span> <span class='ocrx_word' id='word_1_107' title='bbox 520 1179 629 1232; x_wconf 80' lang='lat' dir='ltr'>melitio</span> <span class='ocrx_word' id='word_1_108' title='bbox 640 1196 670 1231; x_wconf 91' lang='lat' dir='ltr'>se</span> <span class='ocrx_word' id='word_1_109' title='bbox 680 1179 840 1246; x_wconf 78' lang='lat' dir='ltr'>intelligent</span> 
     </span>
     <span class='ocr_line' id='line_1_16' title="bbox 38 1247 841 1315; baseline 0.002 -17"><span class='ocrx_word' id='word_1_110' title='bbox 38 1263 79 1307; x_wconf 79' lang='lat' dir='ltr'>en,</span> <span class='ocrx_word' id='word_1_111' title='bbox 99 1263 170 1313; x_wconf 84' lang='lat' dir='ltr'>quae</span> <span class='ocrx_word' id='word_1_112' title='bbox 182 1247 283 1309; x_wconf 82' lang='lat' dir='ltr'>velint,</span> <span class='ocrx_word' id='word_1_113' title='bbox 305 1249 438 1315; x_wconf 85' lang='lat' dir='ltr'>consequi</span> <span class='ocrx_word' id='word_1_114' title='bbox 449 1264 537 1314; x_wconf 86' lang='lat' dir='ltr'>posse.</span> <span class='ocrx_word' id='word_1_115' title='bbox 574 1248 617 1301; x_wconf 87' lang='lat'>11.</span> <span class='ocrx_word' id='word_1_116' title='bbox 635 1248 714 1310; x_wconf 76' lang='lat' dir='ltr'>Quae</span> <span class='ocrx_word' id='word_1_117' title='bbox 725 1264 792 1315; x_wconf 88' lang='lat' dir='ltr'>ergo</span> <span class='ocrx_word' id='word_1_118' title='bbox 802 1248 841 1300; x_wconf 80' lang='lat' dir='ltr'>ad</span> 
     </span>
     <span class='ocr_line' id='line_1_17' title="bbox 39 1314 841 1386; baseline 0.002 -18"><span class='ocrx_word' id='word_1_119' title='bbox 39 1314 121 1368; x_wconf 57' lang='lat' dir='ltr'>odom</span> <span class='ocrx_word' id='word_1_120' title='bbox 131 1316 270 1369; x_wconf 78' lang='lat' dir='ltr'>hominem</span> <span class='ocrx_word' id='word_1_121' title='bbox 281 1320 408 1371; x_wconf 81' lang='lat' dir='ltr'>tuendam</span> <span class='ocrx_word' id='word_1_122' title='bbox 419 1318 575 1386; x_wconf 76' lang='lat' dir='ltr'>pertinent,</span> <span class='ocrx_word' id='word_1_123' title='bbox 595 1320 697 1383; x_wconf 82' lang='lat' dir='ltr'>purtim</span> <span class='ocrx_word' id='word_1_124' title='bbox 708 1325 772 1367; x_wconf 90' lang='lat' dir='ltr'>sunt</span> <span class='ocrx_word' id='word_1_125' title='bbox 782 1318 841 1370; x_wconf 83' lang='lat' dir='ltr'>ina·</span> 
     </span>
     <span class='ocr_line' id='line_1_18' title="bbox 37 1386 840 1454; baseline 0 -16"><span class='ocrx_word' id='word_1_126' title='bbox 37 1386 117 1448; x_wconf 73' lang='lat' dir='ltr'>pirna,</span> <span class='ocrx_word' id='word_1_127' title='bbox 138 1393 170 1437; x_wconf 83' lang='lat' dir='ltr'>ut</span> <span class='ocrx_word' id='word_1_128' title='bbox 185 1401 291 1446; x_wconf 84' lang='lat' dir='ltr'>aurum,</span> <span class='ocrx_word' id='word_1_129' title='bbox 311 1395 465 1452; x_wconf 82' lang='lat' dir='ltr'>argentum,</span> <span class='ocrx_word' id='word_1_130' title='bbox 481 1394 512 1438; x_wconf 85' lang='lat' dir='ltr'>ut</span> <span class='ocrx_word' id='word_1_131' title='bbox 524 1404 565 1450; x_wconf 83' lang='lat' dir='ltr'>ea,</span> <span class='ocrx_word' id='word_1_132' title='bbox 580 1402 652 1453; x_wconf 81' lang='lat' dir='ltr'>quoe</span> <span class='ocrx_word' id='word_1_133' title='bbox 662 1387 840 1454; x_wconf 79' lang='lat' dir='ltr'>gignuntoro</span> 
     </span>
     <span class='ocr_line' id='line_1_19' title="bbox 39 1455 840 1525; baseline 0.001 -20"><span class='ocrx_word' id='word_1_134' title='bbox 39 1463 119 1518; x_wconf 84' lang='lat' dir='ltr'>term,</span> <span class='ocrx_word' id='word_1_135' title='bbox 133 1462 164 1506; x_wconf 91' lang='lat' dir='ltr'>ut</span> <span class='ocrx_word' id='word_1_136' title='bbox 172 1456 359 1507; x_wconf 80' lang='lat' dir='ltr'>eliaeiusdem</span> <span class='ocrx_word' id='word_1_137' title='bbox 371 1459 493 1525; x_wconf 76' lang='lat' dir='ltr'>generis:</span> <span class='ocrx_word' id='word_1_138' title='bbox 505 1458 606 1525; x_wconf 80' lang='lat' dir='ltr'>partim</span> <span class='ocrx_word' id='word_1_139' title='bbox 619 1455 759 1518; x_wconf 72' lang='lat' dir='ltr'>enitentia,</span> <span class='ocrx_word' id='word_1_140' title='bbox 769 1470 840 1522; x_wconf 86' lang='lat' dir='ltr'>quue</span> 
     </span>
     <span class='ocr_line' id='line_1_20' title="bbox 39 1524 840 1594; baseline 0 -18"><span class='ocrx_word' id='word_1_141' title='bbox 39 1524 138 1577; x_wconf 84' lang='lat' dir='ltr'>hebent</span> <span class='ocrx_word' id='word_1_142' title='bbox 149 1541 217 1578; x_wconf 80' lang='lat' dir='ltr'>suos</span> <span class='ocrx_word' id='word_1_143' title='bbox 229 1527 349 1592; x_wconf 89' lang='lat' dir='ltr'>impetus</span> <span class='ocrx_word' id='word_1_144' title='bbox 360 1536 388 1579; x_wconf 88' lang='lat' dir='ltr'>ct</span> <span class='ocrx_word' id='word_1_145' title='bbox 399 1544 491 1580; x_wconf 85' lang='lat' dir='ltr'>rorum</span> <span class='ocrx_word' id='word_1_146' title='bbox 503 1528 654 1594; x_wconf 81' lang='lat' dir='ltr'>appetitus.</span> <span class='ocrx_word' id='word_1_147' title='bbox 677 1526 781 1576; x_wconf 84' lang='lat' dir='ltr'>Eorum</span> <span class='ocrx_word' id='word_1_148' title='bbox 793 1541 840 1576; x_wconf 81' lang='lat' dir='ltr'>nu·</span> 
     </span>
     <span class='ocr_line' id='line_1_21' title="bbox 39 1593 840 1664; baseline 0.002 -17"><span class='ocrx_word' id='word_1_149' title='bbox 39 1602 92 1647; x_wconf 90' lang='lat' dir='ltr'>tem</span> <span class='ocrx_word' id='word_1_150' title='bbox 103 1597 162 1647; x_wconf 80' lang='lat' dir='ltr'>ulia</span> <span class='ocrx_word' id='word_1_151' title='bbox 173 1596 290 1648; x_wconf 84' lang='lat' dir='ltr'>rationis</span> <span class='ocrx_word' id='word_1_152' title='bbox 302 1597 426 1664; x_wconf 81' lang='lat' dir='ltr'>expertia</span> <span class='ocrx_word' id='word_1_153' title='bbox 437 1605 515 1659; x_wconf 88' lang='lat' dir='ltr'>sunt,</span> <span class='ocrx_word' id='word_1_154' title='bbox 536 1597 592 1646; x_wconf 80' lang='lat' dir='ltr'>aiis</span> <span class='ocrx_word' id='word_1_155' title='bbox 606 1595 714 1648; x_wconf 82' lang='lat' dir='ltr'>ratione</span> <span class='ocrx_word' id='word_1_156' title='bbox 725 1593 840 1649; x_wconf 76' lang='lat' dir='ltr'>utentis.</span> 
     </span>
     <span class='ocr_line' id='line_1_22' title="bbox 38 1664 840 1733; baseline -0.002 -17"><span class='ocrx_word' id='word_1_157' title='bbox 38 1664 175 1732; x_wconf 80' lang='lat' dir='ltr'>Expertes</span> <span class='ocrx_word' id='word_1_158' title='bbox 194 1666 328 1727; x_wconf 83' lang='lat' dir='ltr'>rationis,</span> <span class='ocrx_word' id='word_1_159' title='bbox 349 1669 424 1733; x_wconf 87' lang='lat' dir='ltr'>equi,</span> <span class='ocrx_word' id='word_1_160' title='bbox 444 1669 545 1727; x_wconf 86' lang='lat' dir='ltr'>bores,</span> <span class='ocrx_word' id='word_1_161' title='bbox 570 1665 691 1732; x_wconf 79' lang='lat' dir='ltr'>reliquae</span> <span class='ocrx_word' id='word_1_162' title='bbox 711 1664 840 1732; x_wconf 85' lang='lat' dir='ltr'>pecudes,</span> 
     </span>
     <span class='ocr_line' id='line_1_23' title="bbox 38 1733 839 1803; baseline 0 -19"><span class='ocrx_word' id='word_1_163' title='bbox 38 1734 147 1802; x_wconf 65' lang='lat' dir='ltr'>[apes]</span> <span class='ocrx_word' id='word_1_164' title='bbox 159 1750 276 1802; x_wconf 79' lang='lat' dir='ltr'>querum</span> <span class='ocrx_word' id='word_1_165' title='bbox 290 1751 373 1802; x_wconf 87' lang='lat' dir='ltr'>opere</span> <span class='ocrx_word' id='word_1_166' title='bbox 389 1737 509 1788; x_wconf 79' lang='lat' dir='ltr'>eflicitur</span> <span class='ocrx_word' id='word_1_167' title='bbox 524 1735 631 1803; x_wconf 83' lang='lat' dir='ltr'>aliquid</span> <span class='ocrx_word' id='word_1_168' title='bbox 647 1734 682 1786; x_wconf 84' lang='lat' dir='ltr'>ad</span> <span class='ocrx_word' id='word_1_169' title='bbox 697 1733 839 1786; x_wconf 88' lang='lat' dir='ltr'>hominum</span> 
     </span>
     <span class='ocr_line' id='line_1_24' title="bbox 37 1803 840 1872; baseline 0 -19"><span class='ocrx_word' id='word_1_170' title='bbox 37 1820 114 1855; x_wconf 87' lang='lat' dir='ltr'>usum</span> <span class='ocrx_word' id='word_1_171' title='bbox 127 1812 211 1871; x_wconf 83' lang='lat' dir='ltr'>atque</span> <span class='ocrx_word' id='word_1_172' title='bbox 222 1805 317 1856; x_wconf 86' lang='lat' dir='ltr'>vitam.</span> <span class='ocrx_word' id='word_1_173' title='bbox 345 1806 465 1858; x_wconf 77' lang='lat' dir='ltr'>Ratione</span> <span class='ocrx_word' id='word_1_174' title='bbox 477 1815 569 1858; x_wconf 84' lang='lat' dir='ltr'>autem</span> <span class='ocrx_word' id='word_1_175' title='bbox 582 1805 717 1856; x_wconf 87' lang='lat' dir='ltr'>utentium</span> <span class='ocrx_word' id='word_1_176' title='bbox 729 1803 784 1855; x_wconf 93' lang='lat' dir='ltr'>duo</span> <span class='ocrx_word' id='word_1_177' title='bbox 793 1818 840 1872; x_wconf 82' lang='lat' dir='ltr'>ge·</span> 
     </span>
     <span class='ocr_line' id='line_1_25' title="bbox 38 1872 839 1939; baseline 0.004 -16"><span class='ocrx_word' id='word_1_178' title='bbox 38 1890 102 1927; x_wconf 85' lang='lat' dir='ltr'>nera</span> <span class='ocrx_word' id='word_1_179' title='bbox 112 1882 232 1939; x_wconf 71' lang='lat' dir='ltr'>ponente</span> <span class='ocrx_word' id='word_1_180' title='bbox 245 1872 364 1927; x_wconf 83' lang='lat' dir='ltr'>Deorum</span> <span class='ocrx_word' id='word_1_181' title='bbox 371 1891 469 1939; x_wconf 89' lang='lat' dir='ltr'>unum;</span> <span class='ocrx_word' id='word_1_182' title='bbox 482 1874 752 1928; x_wconf 82' lang='lat' dir='ltr'>alterumhominem.</span> <span class='ocrx_word' id='word_1_183' title='bbox 765 1872 839 1926; x_wconf 84' lang='lat' dir='ltr'>Deos</span> 
     </span>
     <span class='ocr_line' id='line_1_26' title="bbox 38 1943 839 2019; baseline 0.004 -26"><span class='ocrx_word' id='word_1_184' title='bbox 38 1943 164 2009; x_wconf 80' lang='lat' dir='ltr'>placatos</span> <span class='ocrx_word' id='word_1_185' title='bbox 178 1944 268 2009; x_wconf 84' lang='lat' dir='ltr'>pictas</span> <span class='ocrx_word' id='word_1_186' title='bbox 284 1944 386 1996; x_wconf 84' lang='lat' dir='ltr'>efficiet</span> <span class='ocrx_word' id='word_1_187' title='bbox 394 1952 429 1996; x_wconf 47' lang='lat' dir='ltr'>,et</span> <span class='ocrx_word' id='word_1_188' title='bbox 442 1947 590 1998; x_wconf 76' lang='lat' dir='ltr'>sanctitas:</span> <span class='ocrx_word' id='word_1_189' title='bbox 607 1946 734 2019; x_wconf 78' lang='lat' dir='ltr'>proxime</span> <span class='ocrx_word' id='word_1_190' title='bbox 745 1950 839 1997; x_wconf 83' lang='lat' dir='ltr'>eutem</span> 
     </span>
     <span class='ocr_line' id='line_1_27' title="bbox 37 2013 839 2069; baseline 0 -5"><span class='ocrx_word' id='word_1_191' title='bbox 37 2022 64 2064; x_wconf 85' lang='lat' dir='ltr'>et</span> <span class='ocrx_word' id='word_1_192' title='bbox 78 2015 226 2065; x_wconf 80' lang='lat' dir='ltr'>secundnm</span> <span class='ocrx_word' id='word_1_193' title='bbox 239 2013 313 2066; x_wconf 90' lang='lat' dir='ltr'>Deos</span> <span class='ocrx_word' id='word_1_194' title='bbox 330 2014 447 2068; x_wconf 82' lang='lat' dir='ltr'>homines</span> <span class='ocrx_word' id='word_1_195' title='bbox 463 2016 611 2068; x_wconf 71' lang='lat' dir='ltr'>horninibus</span> <span class='ocrx_word' id='word_1_196' title='bbox 627 2015 743 2069; x_wconf 82' lang='lat' dir='ltr'>maxime</span> <span class='ocrx_word' id='word_1_197' title='bbox 758 2014 839 2068; x_wconf 77' lang='lat' dir='ltr'>utiles</span> 
     </span>
     <span class='ocr_line' id='line_1_28' title="bbox 38 2082 839 2153; baseline 0.002 -20"><span class='ocrx_word' id='word_1_198' title='bbox 38 2099 91 2134; x_wconf 88' lang='lat' dir='ltr'>esse</span> <span class='ocrx_word' id='word_1_199' title='bbox 98 2093 224 2151; x_wconf 74' lang='lat' dir='ltr'>poterent.</span> <span class='ocrx_word' id='word_1_200' title='bbox 261 2082 302 2136; x_wconf 89' lang='lat'>12.</span> <span class='ocrx_word' id='word_1_201' title='bbox 322 2086 480 2153; x_wconf 84' lang='lat' dir='ltr'>Eurumque</span> <span class='ocrx_word' id='word_1_202' title='bbox 490 2103 589 2147; x_wconf 79' lang='lat' dir='ltr'>rerem,</span> <span class='ocrx_word' id='word_1_203' title='bbox 607 2103 675 2152; x_wconf 78' lang='lat' dir='ltr'>qnae</span> <span class='ocrx_word' id='word_1_204' title='bbox 685 2094 799 2139; x_wconf 82' lang='lat' dir='ltr'>noceant</span> <span class='ocrx_word' id='word_1_205' title='bbox 810 2093 839 2136; x_wconf 84' lang='lat' dir='ltr'>et</span> 
     </span>
     <span class='ocr_line' id='line_1_29' title="bbox 37 2152 838 2222; baseline 0 -19"><span class='ocrx_word' id='word_1_206' title='bbox 37 2152 134 2216; x_wconf 73' lang='lat' dir='ltr'>obsint,</span> <span class='ocrx_word' id='word_1_207' title='bbox 147 2153 244 2206; x_wconf 81' lang='lat' dir='ltr'>eedem</span> <span class='ocrx_word' id='word_1_208' title='bbox 257 2153 357 2205; x_wconf 83' lang='lat' dir='ltr'>divisio</span> <span class='ocrx_word' id='word_1_209' title='bbox 369 2161 419 2206; x_wconf 86' lang='lat' dir='ltr'>est.</span> <span class='ocrx_word' id='word_1_210' title='bbox 448 2154 502 2206; x_wconf 88' lang='lat' dir='ltr'>Sed</span> <span class='ocrx_word' id='word_1_211' title='bbox 513 2157 578 2222; x_wconf 81' lang='lat' dir='ltr'>quin</span> <span class='ocrx_word' id='word_1_212' title='bbox 589 2155 663 2207; x_wconf 87' lang='lat' dir='ltr'>Deos</span> <span class='ocrx_word' id='word_1_213' title='bbox 674 2170 773 2207; x_wconf 85' lang='lat' dir='ltr'>nocere</span> <span class='ocrx_word' id='word_1_214' title='bbox 784 2169 838 2204; x_wconf 89' lang='lat' dir='ltr'>non</span> 
     </span>
     <span class='ocr_line' id='line_1_30' title="bbox 38 2222 839 2292; baseline 0.002 -20"><span class='ocrx_word' id='word_1_215' title='bbox 38 2230 144 2287; x_wconf 84' lang='lat' dir='ltr'>putent,</span> <span class='ocrx_word' id='word_1_216' title='bbox 160 2223 205 2274; x_wconf 88' lang='lat' dir='ltr'>his</span> <span class='ocrx_word' id='word_1_217' title='bbox 217 2224 350 2290; x_wconf 79' lang='lat' dir='ltr'>exceptis,</span> <span class='ocrx_word' id='word_1_218' title='bbox 364 2225 483 2277; x_wconf 81' lang='lat' dir='ltr'>honrines</span> <span class='ocrx_word' id='word_1_219' title='bbox 494 2224 643 2278; x_wconf 81' lang='lat' dir='ltr'>hominibus</span> <span class='ocrx_word' id='word_1_220' title='bbox 655 2225 743 2277; x_wconf 80' lang='lat' dir='ltr'>obesse</span> <span class='ocrx_word' id='word_1_221' title='bbox 752 2222 839 2292; x_wconf 82' lang='lat' dir='ltr'>pluri·</span> 
     </span>
     <span class='ocr_line' id='line_1_31' title="bbox 38 2291 840 2362; baseline -0.005 -18"><span class='ocrx_word' id='word_1_222' title='bbox 38 2309 107 2344; x_wconf 83' lang='lat' dir='ltr'>mom</span> <span class='ocrx_word' id='word_1_223' title='bbox 121 2293 303 2344; x_wconf 84' lang='lat' dir='ltr'>arbitrantur.</span> <span class='ocrx_word' id='word_1_224' title='bbox 338 2295 381 2345; x_wconf 87' lang='lat' dir='ltr'>Ea</span> <span class='ocrx_word' id='word_1_225' title='bbox 391 2296 464 2345; x_wconf 89' lang='lat' dir='ltr'>enim</span> <span class='ocrx_word' id='word_1_226' title='bbox 477 2296 545 2361; x_wconf 83' lang='lat' dir='ltr'>ipss,</span> <span class='ocrx_word' id='word_1_227' title='bbox 561 2311 629 2362; x_wconf 83' lang='lat' dir='ltr'>quae</span> <span class='ocrx_word' id='word_1_228' title='bbox 640 2296 762 2346; x_wconf 81' lang='lat' dir='ltr'>inanimo</span> <span class='ocrx_word' id='word_1_229' title='bbox 771 2291 840 2343; x_wconf 86' lang='lat' dir='ltr'>dixi·</span> 
     </span>
     <span class='ocr_line' id='line_1_32' title="bbox 38 2362 840 2431; baseline -0.001 -20"><span class='ocrx_word' id='word_1_230' title='bbox 38 2377 105 2425; x_wconf 82' lang='lat' dir='ltr'>urus,</span> <span class='ocrx_word' id='word_1_231' title='bbox 118 2364 252 2429; x_wconf 82' lang='lat' dir='ltr'>pleraque</span> <span class='ocrx_word' id='word_1_232' title='bbox 263 2370 326 2414; x_wconf 88' lang='lat' dir='ltr'>sunt</span> <span class='ocrx_word' id='word_1_233' title='bbox 335 2362 477 2415; x_wconf 89' lang='lat' dir='ltr'>hominum</span> <span class='ocrx_word' id='word_1_234' title='bbox 487 2366 581 2431; x_wconf 87' lang='lat' dir='ltr'>operis</span> <span class='ocrx_word' id='word_1_235' title='bbox 591 2364 697 2424; x_wconf 82' lang='lat' dir='ltr'>effecto,</span> <span class='ocrx_word' id='word_1_236' title='bbox 708 2378 778 2429; x_wconf 86' lang='lat' dir='ltr'>quae</span> <span class='ocrx_word' id='word_1_237' title='bbox 789 2375 840 2411; x_wconf 90' lang='lat' dir='ltr'>neo</span> 
     </span>
     <span class='ocr_line' id='line_1_33' title="bbox 39 2427 838 2494; baseline -0.006 -13"><span class='ocrx_word' id='word_1_238' title='bbox 39 2429 222 2494; x_wconf 80' lang='lat' dir='ltr'>haberemus,</span> <span class='ocrx_word' id='word_1_239' title='bbox 242 2433 296 2483; x_wconf 88' lang='lat' dir='ltr'>uisi</span> <span class='ocrx_word' id='word_1_240' title='bbox 312 2446 410 2484; x_wconf 83' lang='lat' dir='ltr'>manus</span> <span class='ocrx_word' id='word_1_241' title='bbox 421 2440 449 2484; x_wconf 86' lang='lat' dir='ltr'>et</span> <span class='ocrx_word' id='word_1_242' title='bbox 461 2451 507 2486; x_wconf 81' lang='lat' dir='ltr'>ars</span> <span class='ocrx_word' id='word_1_243' title='bbox 521 2435 714 2493; x_wconf 84' lang='lat' dir='ltr'>accessissent,</span> <span class='ocrx_word' id='word_1_244' title='bbox 734 2446 784 2480; x_wconf 89' lang='lat' dir='ltr'>nec</span> <span class='ocrx_word' id='word_1_245' title='bbox 794 2427 838 2477; x_wconf 89' lang='lat' dir='ltr'>his</span> 
     </span>
     <span class='ocr_line' id='line_1_34' title="bbox 38 2498 839 2562; baseline -0.006 -11"><span class='ocrx_word' id='word_1_246' title='bbox 38 2502 95 2556; x_wconf 89' lang='lat' dir='ltr'>sine</span> <span class='ocrx_word' id='word_1_247' title='bbox 127 2500 270 2553; x_wconf 82' lang='lat' dir='ltr'>hominum</span> <span class='ocrx_word' id='word_1_248' title='bbox 295 2503 534 2555; x_wconf 81' lang='lat' dir='ltr'>administratione</span> <span class='ocrx_word' id='word_1_249' title='bbox 558 2510 707 2554; x_wconf 86' lang='lat' dir='ltr'>uteremur.</span> <span class='ocrx_word' id='word_1_250' title='bbox 743 2498 839 2562; x_wconf 84' lang='lat' dir='ltr'>Neque</span> 
     </span>
     <span class='ocr_line' id='line_1_35' title="bbox 37 2566 838 2639; baseline -0.004 -18"><span class='ocrx_word' id='word_1_251' title='bbox 37 2573 108 2621; x_wconf 88' lang='lat' dir='ltr'>enim</span> <span class='ocrx_word' id='word_1_252' title='bbox 124 2571 297 2623; x_wconf 73' lang='lat' dir='ltr'>valetudinis</span> <span class='ocrx_word' id='word_1_253' title='bbox 314 2573 435 2635; x_wconf 70' lang='lat' dir='ltr'>curatio,</span> <span class='ocrx_word' id='word_1_254' title='bbox 456 2572 555 2639; x_wconf 86' lang='lat' dir='ltr'>[neque</span> <span class='ocrx_word' id='word_1_255' title='bbox 571 2566 733 2636; x_wconf 67' lang='lat' dir='ltr'>nerignt&#39;rm]</span> <span class='ocrx_word' id='word_1_256' title='bbox 752 2580 838 2631; x_wconf 85' lang='lat' dir='ltr'>neque</span> 
     </span>
     <span class='ocr_line' id='line_1_36' title="bbox 38 2635 892 2709; baseline -0.011 -20"><span class='ocrx_word' id='word_1_257' title='bbox 38 2641 219 2706; x_wconf 70' lang='lat' dir='ltr'>agricultura,</span> <span class='ocrx_word' id='word_1_258' title='bbox 241 2656 329 2706; x_wconf 87' lang='lat' dir='ltr'>neque</span> <span class='ocrx_word' id='word_1_259' title='bbox 339 2642 449 2709; x_wconf 83' lang='lat' dir='ltr'>frugum</span> <span class='ocrx_word' id='word_1_260' title='bbox 462 2641 657 2704; x_wconf 83' lang='lat' dir='ltr'>fructuumque</span> <span class='ocrx_word' id='word_1_261' title='bbox 668 2635 838 2699; x_wconf 87' lang='lat' dir='ltr'>reliquorum</span> <span class='ocrx_word' id='word_1_262' title='bbox 890 2663 892 2667; x_wconf 91' lang='lat'><em>-</em></span> 
     </span>
    </p>
   </div>
   <div class='ocr_carea' id='block_1_3' title="bbox 38 2700 858 2825">
    <p class='ocr_par' dir='ltr' id='par_1_3' title="bbox 38 2700 858 2825">
     <span class='ocr_line' id='line_1_37' title="bbox 38 2700 839 2825; baseline 0.004 -65"><span class='ocrx_word' id='word_1_263' title='bbox 38 2712 180 2778; x_wconf 89' lang='lat' dir='ltr'>perceptio</span> <span class='ocrx_word' id='word_1_264' title='bbox 198 2721 227 2762; x_wconf 95' lang='lat' dir='ltr'>et</span> <span class='ocrx_word' id='word_1_265' title='bbox 243 2713 419 2764; x_wconf 71' lang='lat' dir='ltr'>conservatio.</span> <span class='ocrx_word' id='word_1_266' title='bbox 431 2713 490 2763; x_wconf 90' lang='lat' dir='ltr'>sine</span> <span class='ocrx_word' id='word_1_267' title='bbox 505 2710 647 2825; x_wconf 53' lang='lat' dir='ltr'>hoqnir&#39;ruqn</span> <span class='ocrx_word' id='word_1_268' title='bbox 663 2719 759 2771; x_wconf 66' lang='lat' dir='ltr'>opera,</span> <span class='ocrx_word' id='word_1_269' title='bbox 779 2700 839 2752; x_wconf 66' lang='lat'>⁰1¹⁸</span> 
     </span>
     <span class='ocr_line' id='line_1_38' title="bbox 563 2780 858 2821; baseline 0.003 0"><span class='ocrx_word' id='word_1_270' title='bbox 563 2783 585 2821; x_wconf 76' lang='lat' dir='ltr'>ic</span> <span class='ocrx_word' id='word_1_271' title='bbox 615 2780 621 2794; x_wconf 83' lang='lat'>⁸</span> <span class='ocrx_word' id='word_1_272' title='bbox 857 2786 858 2789; x_wconf 76' lang='grc'>’</span> 
     </span>
    </p>
   </div>
   <div class='ocr_carea' id='block_1_4' title="bbox 0 0 1046 3025">
    <p class='ocr_par' dir='ltr' id='par_1_4' title="bbox 0 0 1046 3025">
     <span class='ocr_line' id='line_1_39' title="bbox 0 0 1046 3025; baseline 0 0"><span class='ocrx_word' id='word_1_273' title='bbox 0 0 1046 3025; x_wconf 95' lang='lat' dir='ltr'> </span> 
     </span>
    </p>
   </div>
  </div>
 </body>
</html>
