2084 3025
92 148 97 153 »
142 89 766 198 cinaa‘smeunnms.asanaa
806 145 859 203 an

47 237 124 298 rent,
136 235 201 287 fieri
214 234 318 291 cauneis
337 244 575 300 antecedentibus.
610 246 775 302 Voluntatis
786 252 860 305 enim

48 312 171 358 austrae
185 322 241 357 nen
258 324 318 360 esse
334 327 446 365 caussas
464 324 594 370 externas
610 327 639 371 et
654 321 859 376 antecedentes.

48 372 96 427 24.
117 377 268 427 communi
280 380 376 446 igitur
396 387 597 441 consuetudine
618 392 753 441 serntuais
771 391 861 443 abuti·

6 474 9 481 ·
47 444 122 508 mur,
144 452 231 513 quum
241 448 283 498 ita
294 449 425 518 elicimus,
440 457 512 509 selle
523 452 631 526 aliquid
643 461 799 528 quempiam
811 468 861 513 aut

48 514 131 568 nolle
140 519 202 567 sinc
215 531 320 572 caussa.
358 522 400 573 lta
411 526 483 576 enim
495 526 622 591 dicimus,
638 531 698 582 siae
711 546 817 593 caussa,
827 538 861 603 ut

49 579 186 649 dicamus,
196 586 258 640 sine
269 596 384 643 externa
396 601 424 645 et
435 597 611 649 antecedenti
622 615 788 662 caussasse
801 601 861 654 sine

49 654 158 722 aliqua.
192 656 233 706 Ut
249 673 332 724 quum
345 660 395 714 'eas
407 665 487 718 inane
499 667 630 729 dicimus,
649 682 704 720 noas
720 671 761 720 ita
771 669 861 738 loqui·

47 738 120 788 mur,
141 724 308 794 utPhysici,
329 733 520 797 quibusiaane
532 736 789 805 cssenihilplacct:
810 738 861 791 sed

48 793 103 858 ita,
121 799 165 858 ut,
179 796 260 846 verbi
270 813 377 864 caussa,
391 804 451 857 sinc
462 821 542 873 aqua,
561 807 622 859 sine
633 809 705 870 eins,
726 808 786 859 sine
797 808 860 861 eleo

1 922 7 928 ,
49 880 101 922 sas
111 880 174 917 esse
186 864 325 920 dicamus:
337 871 384 934 sic,
396 888 479 940 quum
491 877 551 928 sine
564 891 663 928 caussa
672 878 794 930 animum
805 895 862 929 mo·

1 954 2 993 1
48 935 251 1004 seridieimus,
266 939 326 990 sine
337 944 519 1009 antecedente
531 952 560 997 ct
571 954 686 999 externa
697 963 794 1000 caussa
804 963 861 1001 nto·

48 1006 121 1067 scri,
133 1021 189 1056 nan
202 1008 312 1059 omnino
324 1010 383 1064 siue
395 1028 502 1078 caussa,
518 1015 644 1069 dicimus.
673 1017 790 1085 De‘ipsa
801 1025 860 1069 ate·

1 1072 3 1075 ’
48 1089 98 1126 ma
109 1075 166 1126 dici
176 1083 285 1142 potest,
307 1094 390 1146 quum
406 1097 457 1150 per
470 1085 552 1138 inane
563 1094 708 1139 moveatur
722 1088 861 1156 graecitate

49 1151 80 1201 et
88 1145 224 1213 pondere,
234 1148 293 1201 sine
303 1165 401 1202 caussa
412 1155 526 1219 snaeeri,
539 1157 611 1223 vquia
622 1158 699 1208 nulla
710 1173 807 1209 caussa
818 1174 862 1209 ac·

49 1215 134 1268 cedat
151 1217 333 1270 extrinsecus.
369 1221 412 1274 25.
427 1224 538 1276 ‘Rursus
553 1234 659 1289 autem,
675 1242 715 1279 ne
732 1242 827 1280 amnes
844 1243 861 1280 a

49 1284 182 1352 Physicis
194 1287 370 1354 irrideamus,
388 1293 414 1342 si
424 1293 557 1357 dicamus,
568 1296 716 1364 quidquam
725 1297 789 1349 ficri
800 1298 860 1349 sine

50 1371 166 1417 caussa,
186 1355 416 1426 distinguendum
426 1372 483 1427 est,
499 1371 528 1417 et
538 1366 580 1416 ita
591 1366 750 1428 dicendum,
770 1366 859 1434 ipsius

48 1425 274 1495 indisidui'hanc
283 1445 345 1482 esse
356 1443 494 1498 naturam,
504 1442 537 1486 ut
542 1436 670 1502 pendere
680 1447 709 1489 ct
720 1438 860 1504 gravitate

49 1502 207 1561 moveatur,
228 1515 345 1568 eamque
351 1503 446 1571 ipsam
457 1521 517 1560 esse
530 1521 667 1570 caussam,
679 1523 727 1558 cur
736 1507 778 1558 ita
788 1505 861 1559 fera·

47 1573 105 1619 tur.
142 1566 282 1622 Similiter.
289 1572 325 1622 ad
337 1574 493 1627 animorum
511 1581 607 1628 metus
616 1576 793 1628 amentarius
804 1593 860 1629 nen

1 1665 3 1704 g
47 1643 92 1690 cst
106 1638 277 1704 requirenda
292 1650 408 1696 externa
420 1662 527 1699 caussa.
563 1646 661 1698 Metus
676 1646 748 1699 enim
760 1646 861 1698 neha-

1 1709 3 1766 ζ
46 1703 139 1759 tarius
151 1723 213 1758 eam
225 1716 354 1762 naturam
365 1715 394 1764 in
403 1730 434 1767 se
444 1716 504 1783 ipse
515 1718 656 1780 continet,
679 1724 710 1768 ut
723 1717 858 1770 sit-inne·

1 1829 2 1834 ,
47 1783 108 1828 stra
122 1784 269 1844 potestate
281 1782 421 1850 nobisque
436 1794 549 1852 pareat:
567 1804 619 1841 nec
635 1786 665 1838 i'd
679 1788 739 1841 sina
751 1803 857 1840 caussa.

1 1879 2 1902 ;
47 1844 118 1898 Eius
141 1848 215 1898 caim
235 1849 277 1900 rei
296 1866 394 1903 caussa
406 1855 475 1921 ¹ipsa
493 1866 595 1909 natura
617 1865 669 1910 est,
705 1858 749 1910 20.
774 1856 857 1922 Quod

1 1921 2 1984 J
49 1932 134 1984 quum
146 1917 190 1969 ita
200 1918 251 1980 sit,
272 1920 407 1987 quidest,
430 1941 478 1977 cur
489 1943 544 1979 nen
561 1928 854 1996 amnis-prenuntiatia
916 1985 919 1996 Ι

49 1992 100 2040 aut
108 2002 179 2039 vera
190 1987 326 2041 aetialsa
334 1992 387 2054 sit,
408 1995 463 2047 nisi
480 1999 700 2051 concesserimus
707 1997 773 2051 'fatu
782 2000 857 2061 fieti,

47 2051 243 2127 quaecumque
261 2059 346 2111 fianti
367 2063 439 2125 Quia
458 2064 557 2120 futura
574 2085 654 2128 vera,
674 2070 779 2136 inquit,
798 2083 855 2120 non

48 2133 168 2246 Kcssunt
178 2142 240 2179 esse
251 2144 297 2191 en,
317 2146 389 2198 quae
401 2150 521 2200 caussas,
542 2153 591 2188 cur
598 2137 700 2190 futura
709 2139 780 2202 sint,
801 2154 856 2191 non

67 2197 164 2249 abent:
182 2196 307 2251 habeant
319 2202 408 2269 igitur
418 2221 532 2257 caussas
547 2225 659 2261 necesse
671 2213 714 2260 est
724 2223 766 2273 ea,
782 2224 853 2275 quae

48 2280 114 2332 vera
123 2272 206 2317 sunta
218 2267 268 2328 ,ita
279 2285 364 2337 quum
376 2277 526 2338 evenerint,
541 2275 602 2328 fatu
614 2280 765 2330 evenerint.
793 2278 854 2330 ΧΠ.

49 2331 217 2398 dedicatum
235 2342 397 2405 negotium,
417 2345 443 2394 si
457 2346 567 2411 quidem
583 2350 634 2400 tibi
650 2345 856 2401 concedendum

48 2410 104 2469 est,
122 2412 174 2458 aut
189 2405 250 2459 fate
266 2412 359 2463 emnia
374 2412 449 2477 fieri3
469 2421 517 2467 aut
528 2417 679 2486 quidquam
694 2432 776 2482 pesse
793 2415 856 2465 tisri

46 2475 106 2530 tine
118 2492 228 2530 caussa
264 2481 307 2533 27.
326 2482 367 2532 ΙΑιι
378 2481 540 2537 aliter'haec
550 2486 783 2560 enitntiatievern
793 2487 868 2560 essea

45 2558 100 2598 auu
122 2552 233 2612 petest,
256 2552 378 2617 „Capiet
397 2552 579 2606 Numantiam
600 2554 730 2621 Scipie,“
751 2564 805 2598 nlsl
820 2561 855 2599 εἰ

44 2616 215 2668 aeternitate
227 2632 324 2670 caussa
335 2636 460 2674 caussam
472 2639 568 2676 serens
578 2623 631 2675 hoc
640 2622 695 2674 erit
707 2616 856 2669 affecturae

45 2683 268 2809 Δηρὴοοῦιῑείιὲη
279 2691 420 2757 patuisset
431 2710 507 2757 csse,
526 2694 551 2744 si
562 2684 787 2807 essetqsexcentis
798 2699 856 2733 sae·

94 2771 146 2807 ac.
184 2776 208 2809 e.
260 2796 266 2808 .
630 2788 636 2807 ⁵

135 2929 159 2966 ,⁴
