2084 3025
190 107 518 168 DESENECTUTE
538 109 621 167 CAP.
639 109 664 166 ³.
680 110 707 166 4.
838 108 855 163 5

23 262 27 267 .
45 212 172 282 sliqnid3
187 215 235 267 sed
248 231 418 284 nequaquam
430 218 460 269 in
469 217 526 270 isto
537 222 602 269 sunt
615 216 720 269 omnin:
741 220 774 267 ut
784 212 856 268 The·

43 285 193 336 mistocles
210 283 301 337 fertur
315 285 444 353 Seriphio
465 287 576 340 cuidem
592 288 621 339 in
637 287 728 355 iurgio
744 300 857 354 respon·

45 354 132 416 disse,
154 369 238 421 quum
250 356 300 408 illc
311 356 438 424 dlxissct‚
460 372 515 410 non
526 374 589 410 eum
604 373 664 421 sua,
685 357 734 410 sed
745 358 857 425 patrias

44 425 142 502 gloria
152 425 328 492 splendorem
340 434 512 480 assecutum:
534 445 583 482 nec
594 428 710 492 hercule,
721 429 820 495 inquit,
830 426 856 479 si

44 512 97 567 ego
111 494 254 562 Seriphius
264 513 356 561 essem,
368 498 473 561 nobilis,
485 515 533 552 nec
544 508 583 562 tu,
596 501 620 551 si
633 496 806 552 Atheniensis
818 514 857 551 es·

42 581 100 627 ses,
122 568 215 617 clarus
228 583 355 637 umquam
372 568 486 641 fuisses.
524 569 605 631 Quod
617 569 715 622 eodem
727 568 810 620 modo
822 567 857 622 ds

44 642 195 688 senectute
206 643 298 703 potest
308 637 372 689 dici.
408 638 506 706 Neque
518 640 592 691 enim
604 641 633 691 io
644 638 858 706 summsinoqia

43 703 118 761 levis
130 721 194 758 esse
204 713 333 760 senectus
343 713 450 774 potest,
473 725 507 761 oe
518 710 641 776 sapienti
658 708 784 776 quidemr
806 723 857 759 nec

43 775 197 842 insipienti
207 777 293 829 etiam
303 778 332 829 in
342 783 450 831 summa
461 779 543 846 copia
553 780 721 856 ooqgravls.
732 779 758 832 9.
765 778 859 845 Aptis-
946 784 950 787 '

45 847 121 898 sima
132 847 246 897 omnino
258 855 331 910 sunt,
352 846 447 915 Scipio
460 856 488 900 et
501 849 594 912 Laeli,
618 864 695 901 arma
704 848 858 900 senectutis

45 923 125 969 artes
137 917 407 985 exercitationesque
419 919 567 982 virtutum,
588 934 671 987 quac,
688 919 717 970 in
727 917 802 969 omni
813 932 858 970 ae·

5 1010 9 1017 ·
44 992 111 1038 tntc
120 986 229 1049 cultae,
249 1002 333 1056 quum
344 988 462 1038 multum
474 988 701 1056 ‹linqucrixeris‚
722 987 859 1039 mirificos

46 1057 171 1110 efferunt
180 1056 297 1119 fructus,
309 1074 363 1108 non
373 1057 464 1109 solum
477 1059 542 1124 quia
553 1074 702 1127 numquam
714 1058 857 1120 deserunt,

45 1143 83 1196 nc
95 1127 126 1178 in
135 1132 263 1179 extremo
279 1127 391 1195 quidem
402 1134 529 1194 tompore
540 1131 657 1197 aetatis,
677 1134 858 1197 (quamquam

44 1197 79 1250 id
89 1197 245 1249 maximum
256 1201 320 1259 est)
332 1212 428 1248 verum
439 1198 533 1261 etiam,
554 1200 622 1266 quia
632 1199 802 1251 conscicntia
813 1198 859 1250 Μ·

43 1283 83 1321 ue
95 1275 179 1320 setae
189 1266 266 1320 ritae
282 1266 434 1318 multorum
454 1283 490 1319 ue
501 1268 711 1321 beuelnctorum
728 1267 859 1321 recorda·

43 1338 92 1391 tint
113 1337 318 1405 iucundissima
338 1343 390 1389 cst.
428 1339 438 1389 l
469 1337 537 1390 ,to
560 1338 622 1406 Ego
644 1340 677 1401 Q.
694 1338 859 1398 Maximum,

45 1419 124 1470 eum,
136 1408 185 1474 qui
196 1409 349 1471 Tarentum
359 1408 473 1474 recepit,
491 1407 654 1462 adolescens
665 1407 708 1459 ito
718 1406 806 1459 dilexi
818 1422 860 1458 sc·

45 1479 128 1541 mm,
149 1486 181 1530 ut
198 1478 352 1545 aequalem.
388 1478 460 1531 Erat
470 1479 582 1531 enimin
592 1478 643 1531 illo
654 1474 862 1530 viroconium

46 1548 168 1606 condita
188 1551 327 1615 gravitas3
359 1564 409 1601 nec
427 1556 558 1602 senectus
579 1564 672 1601 mores
693 1552 860 1599 mutaverat.

44 1619 226 1685 Quamquam
236 1635 298 1670 eum
309 1618 402 1671 colere
412 1620 493 1687 coepi
504 1635 560 1671 noo
567 1618 714 1671 admodum
728 1615 862 1683 grandom

43 1695 128 1751 natu,
151 1688 202 1740 scd
211 1696 305 1742 tamen
316 1689 371 1740 iam
384 1697 478 1742 aetate
488 1694 660 1758 provectum.
695 1690 773 1740 Anno
786 1686 861 1738 enim

44 1765 116 1828 post
133 1760 237 1811 Consul
254 1760 373 1826 primum
390 1759 496 1824 lucrat,
517 1776 599 1829 quam
614 1774 666 1827 ego
684 1765 767 1811 natus
783 1771 860 1808 sums

45 1844 169 1897 eumque
189 1844 223 1881 eo
244 1836 372 1897 quartum
393 1832 512 1883 Consule
533 1829 758 1883 adolescentulus
777 1827 860 1879 miles

45 1896 270 1967 profectuosum
286 1899 323 1950 ad
335 1901 469 1966 Capuam,
485 1903 641 1969 quintoque
656 1915 728 1952 enno
744 1895 861 1966 posted
940 1903 946 1910 '

45 1971 215 2022 Tarentum.
252 1970 392 2032 Quaestor
408 1971 508 2024 deinde
530 1971 657 2040 [Aedilis]
675 1968 860 2039 quadriennio

45 2045 116 2107 post
132 2039 224 2090 factus
238 2055 298 2090 sum
314 2041 462 2109 [qraetmss
484 2057 564 2109 quem
577 2042 770 2110 ninglstratum
787 2037 862 2105 gessi

47 2110 220 2162 &insulibus
232 2109 375 2162 Tuditano
388 2116 417 2163 ct
428 2110 563 2180 Cethego,
584 2127 668 2179 quum
679 2110 790 2179 quidem
801 2107 861 2170 ille,

46 2179 202 2250 admodum
213 2195 307 2243 senex,
316 2196 416 2232 suasm
426 2182 496 2251 logis
504 2183 616 2235 Cinciae
627 2181 661 2234 de
672 2180 753 2232 dionis
765 2184 792 2230 ct
802 2192 861 2227 mu·

45 2251 165 2301 neribus
175 2249 239 2310 fuit,
250 2248 410 2303 hicetliclla
415 2254 539 2318 gerebat,
551 2258 583 2303 ut
593 2251 763 2311 adolescens,
775 2260 861 2314 quum

44 2320 133 2388 plaste
151 2320 265 2388 grandis
281 2327 367 2383 osset,
387 2329 416 2372 ct
431 2322 618 2374 Hannibalem
637 2318 798 2372 iuveniliter
814 2329 861 2365 cx·

46 2391 203 2442 mantem
218 2390 358 2456 paticntia
368 2407 419 2443 sun
429 2392 586 2444 molliebat:
607 2390 705 2458 dequo
716 2384 862 2458 praeclare·

47 2459 203 2514 famniliaris
217 2466 313 2511 nostor
323 2461 443 2512 Enniusz

66 2547 71 2564 ‘
87 2531 166 2583 Unus
177 2529 254 2581 domo
266 2530 341 2582 nodis
352 2532 504 2584 cunctando
515 2530 644 2584 restituit
654 2542 721 2581 rem.

67 2631 70 2634 ·
85 2599 153 2653 Nou
164 2599 209 2666 lic
217 2600 337 2667 ponebat
348 2617 471 2652 retineres
483 2610 548 2653 ante
559 2602 683 2652 salutm.

69 2670 169 2741 :Ergo
177 2678 294 2740 postque
305 2671 445 2741 magisque
457 2670 511 2722 siri
520 2685 593 2723 nune
598 2665 692 2738 gloria
706 2665 801 2717 claret.
