2084 3025
256 144 335 199 LlB.
352 145 407 201 111.
444 146 528 200 CAP.
539 145 581 201 28.
593 146 636 202 20.
795 146 847 201 dtr

47 250 188 311 dieamus,
208 247 551 316 rideriqusedamutilia,
573 228 789 320 quoe⁸uouslnt=
807 250 848 305 sie
885 302 889 319 ,

46 335 76 371 se
87 319 190 379 dicere,
200 318 290 370 rideri
301 319 435 388 quaedam
446 319 571 383 honesta,
582 337 653 389 queo
664 336 718 372 non
728 322 799 372 sint:
817 326 850 371 ut

46 386 100 439 hoe
114 388 208 454 ipsum
223 388 335 439 ridetur
350 387 506 452 honestum,
525 391 706 443 conservandi
721 389 789 441 iuris
809 390 851 440 iu·

45 457 129 509 randi
141 472 241 508 caussa
251 456 287 508 ed
295 458 448 510 cruciatum
460 461 622 523 rerertisse3
633 460 682 512 sed
694 460 726 511 fit
737 476 791 510 non
800 457 852 513 ho·

47 533 173 590 nestum
193 526 271 593 quia,
293 528 368 594 quod
382 529 498 594 pervim
510 526 653 597 [hostium]
664 535 737 582 esset
749 536 851 591 aetum,

47 602 141 648 ratum
162 609 292 647 essenon
308 596 432 654 debuit.“
467 598 578 650 Addunt
599 600 696 661 etiam,
718 597 852 665 quidquid

48 665 132 717 valde
141 664 213 718 utile
223 666 267 727 sit,
283 665 313 717 id
325 668 385 719 fieri
395 665 550 729 honestum,
570 668 656 719 etiam
667 669 692 717 si
703 674 785 719 autea
796 683 852 718 uon

47 734 201 787 rideretur.
229 734 329 787 XXlX.
349 734 409 787 104.
420 738 518 799 „llaec
528 736 588 788 fere
597 743 695 789 eontra
705 735 851 804 Regulum.
898 752 904 766 ¹

48 803 104 856 Sed
113 804 390 869 primavideamus.“
408 806 471 856 Non
483 805 537 856 fuit
546 807 668 873 luppiter
678 804 853 868 metuendus,

46 889 83 925 ne
91 874 184 924 iratus
195 880 321 936 noeer0t3
337 875 383 941 qui
393 891 481 942 neque
491 875 578 926 irasci
587 875 670 938 solet,
680 891 733 927 nee
743 888 852 926 nocere.

48 943 130 993 llaec
141 942 254 1008 quidem
265 945 338 994 ratio
354 959 409 994 nou
425 944 514 1011 uragis
530 951 626 996 contra
635 945 749 1011 Reguli,
769 957 853 1010 quam

45 1017 150 1063 'contra
161 1025 242 1061 omne
252 1011 444 1063 iusiurandum
454 1015 540 1065 volet.
559 1012 613 1066 Sed
623 1014 652 1064 in
663 1011 853 1074 iureiurando,

45 1095 104 1133 uon
115 1083 164 1148 qui
175 1086 273 1143 metus,
284 1082 336 1133 sed
347 1096 418 1148 quae
426 1083 468 1131 ris
480 1083 525 1142 sit,
541 1081 625 1133 debet
634 1083 764 1150 intelligi.
801 1081 857 1137 Est

45 1150 123 1202 euim
134 1149 322 1202 iusiurandum
332 1142 487 1215 affimtio
498 1150 636 1215 religiosa.
665 1151 747 1213 Quod
759 1157 853 1202 autem

47 1219 198 1280 affirmate,
218 1218 366 1285 qualeeo
377 1226 457 1281 teste,
472 1220 646 1286 promiseris:
666 1221 696 1272 id
705 1219 854 1273 tenendum

50 1295 102 1342 est.
135 1289 195 1339 lam
208 1288 280 1339 enim
293 1302 346 1338 nou
358 1288 393 1338 ad
402 1287 472 1337 iram
482 1288 615 1352 Deorum,
627 1305 697 1356 quoe
707 1289 786 1341 nulla
797 1295 839 1340 est
844 1306 853 1354 ς

49 1358 99 1410 sed
112 1357 296 1409 adiustitism
308 1356 383 1409 etad
393 1356 474 1409 fidem
485 1358 617 1426 pertinet.
647 1358 720 1411 Nam
729 1358 854 1426 praeele-

48 1441 81 1482 re
90 1427 211 1478 Ennius:

83 1493 119 1549 0
131 1496 216 1550 Fides
225 1497 308 1561 elma,
319 1495 386 1567 ‹lpta
393 1495 494 1566 pinnis,
503 1497 530 1551 lt
539 1495 728 1552 iusiurandum
740 1494 829 1550 lovis!
866 1529 874 1538 =

49 1568 107 1631 Qui
115 1568 161 1617 ius
172 1566 259 1635 igitur
268 1568 413 1619 iurandum
425 1569 524 1630 violat,
535 1569 561 1618 is
566 1567 652 1638 fidem
661 1567 756 1629 violat,
774 1582 855 1634 quum

49 1639 79 1691 ἑκ
92 1636 233 1705 Capitolio
243 1636 359 1690 vicinam
370 1637 443 1689 lovis
455 1635 564 1706 oprimi
573 1635 704 1699 Maximi,
723 1643 754 1686 ut
764 1636 794 1686 in
805 1636 856 1688 Ca·

48 1707 126 1758 tonis
138 1706 266 1758 oratione
276 1713 326 1769 est,
337 1707 452 1760 maiorer
462 1706 551 1761 nostri
561 1722 616 1759 esse
625 1708 774 1759 voluerunt.
796 1702 855 1758 105.

49 1778 102 1839 „At
112 1776 188 1827 euim
204 1791 238 1827 ne
253 1776 342 1827 iratus
357 1776 467 1843 quidem
478 1776 602 1845 luppiter
616 1773 679 1844 plus
689 1774 797 1842 Regulo
807 1788 856 1826 uo·
892 1823 896 1830 .

50 1846 166 1907 suisset,
187 1846 335 1912 quamsibi
351 1846 446 1897 nocuit
458 1847 518 1911 ipse
529 1846 680 1914 Regulus.“
716 1847 809 1908 Certe,
829 1843 857 1896 si

50 1913 121 1965 nihil
133 1914 238 1965 malum
250 1919 333 1977 esset,
352 1915 408 1965 nisi
419 1914 522 1967 dolere.
558 1915 589 1967 ld
601 1921 694 1967 autem
705 1930 760 1966 non
770 1912 855 1965 modo

50 1999 188 2035 summum
199 1983 312 2046 molum,
322 1983 372 2034 sed
384 1999 417 2036 ue
428 1984 531 2035 malum
537 1985 647 2051 quidem
654 2000 723 2045 esse,
734 1985 857 2036 maxims

50 2053 226 2105 auctoritate
245 2050 405 2119 philosophi
426 2051 578 2104 affirmant:
607 2068 723 2121 quorum
744 2052 857 2120 quidem

49 2128 152 2174 testem
173 2137 230 2172 nou
249 2122 429 2185 mediocrem,
448 2121 497 2174 sed
510 2121 585 2174 haud
600 2121 660 2174 scio
676 2139 711 2173 un
725 2120 857 2192 gravissi·

51 2207 136 2253 mum,
155 2190 302 2257 Regulum,
321 2192 420 2254 nolite,
434 2207 549 2258 quaeso,
565 2192 737 2259 uituperare·
768 2193 857 2255 Quem
888 2239 894 2254 ,

52 2262 127 2312 enim
138 2260 352 2327 locupletiorem
365 2261 534 2327 quaerimus,
554 2276 636 2328 quam
645 2262 798 2329 principem
808 2273 857 2325 po·

53 2331 111 2398 puli
122 2330 260 2392 Romani,
282 2331 330 2397 qui
344 2330 483 2381 retinendi
494 2330 578 2381 officii
593 2345 692 2382 caussa
702 2330 857 2382 cruciatum

53 2400 174 2452 subierit
188 2399 396 2450 voluntarium!
414 2399 487 2449 Nam
503 2400 576 2466 quod
590 2402 683 2461 aiunt,
703 2397 814 2450 nsioima
826 2395 857 2447 de

52 2470 142 2531 oralia,
154 2468 185 2518 id
194 2476 249 2530 est,
259 2473 290 2519 ut
298 2468 419 2535 turpiter
428 2468 529 2534 potius,
541 2483 622 2536 quam
635 2466 810 2519 calamitose:
822 2477 857 2512 on
881 2511 887 2518 ,

54 2544 97 2589 est
112 2537 204 2589 ullum
218 2536 310 2586 maius
325 2537 428 2587 malum
444 2536 635 2603 turpitudiuei
657 2550 727 2602 quoe
739 2531 800 2585 siin
811 2529 857 2582 de·
874 2561 885 2568 -

54 2606 204 2660 formitate
215 2607 340 2675 eorporis
350 2605 434 2658 labet
444 2606 551 2674 aliquid
562 2604 734 2664 offensionis,
752 2605 857 2668 quauta
