2084 3025
153 133 161 146 ,
186 79 205 135 r
228 46 233 59 ¹
460 74 751 141 ondoniton.

189 186 258 251 App.
270 181 382 235 Claudii
392 188 564 236 senectutem
576 181 727 257 accedebat
738 180 837 242 etiam,
855 184 888 231 ut
898 195 1012 235 caenis-
1034 168 1035 227 l

125 278 129 283 ·
191 259 280 308 esset:
304 259 397 305 tamen
411 254 450 314 is,
471 269 554 320 quum
565 252 708 305 sententia
716 250 835 303 Senatus
850 250 1000 304 inclinaret

192 324 230 377 ad
241 339 336 391 pacem
347 329 376 374 et
386 322 486 388 ‚foedus
499 322 657 375 faciendum
668 338 730 373 euru
741 318 866 389 Pyrrho,
887 337 943 374 non
953 321 1000 375 du·

180 393 295 446 'hiterii
304 392 398 446 dicere
413 392 480 456 iila,
498 408 571 462 quae
581 392 707 447 veisibus
718 394 883 461 persecutus
893 392 1002 447 estlin-

189 480 266 517 nius:
524 487 527 491 f

192 580 195 587 .
229 534 289 598 Quo
300 528 499 595 belismenses,
515 542 608 587 rectae
619 541 772 602 quaestore
782 532 906 586 solebant

227 602 359 667 Antehac,
372 606 505 656 dementes
517 600 704 672 ses'eflexerei

192 672 342 741 ceteraque
352 673 529 740 gravissime:
540 680 638 724 notum
650 675 722 725 enim
732 673 813 726 vobis
823 687 937 725 earnwn
947 678 1004 724 ests

193 754 223 800 et
234 753 328 801 tamen
339 745 428 810 ipsius
439 744 523 811 Appii
535 750 628 797 exstat
640 745 740 801 oratio.
767 746 858 810 Atque
874 740 945 795 liaeo
955 742 1005 795 ille

194 817 255 884 egit
275 818 381 881 septem
398 819 427 865 et
441 813 537 874 decem
552 814 632 865 annis
649 821 713 880 post
733 813 854 865 altorum
870 812 1005 864 Consula-
1036 836 1037 905 g

192 895 266 948 tuni,
289 899 373 951 quum
384 883 456 934 inter
471 883 541 935 duos
554 883 722 949 Consulatus
731 883 797 939 anni
809 881 905 934 decern
918 882 1006 935 inter·
1036 910 1037 935 i

192 955 354 1016 fluxissent,
376 955 536 1020 censorque
550 959 615 1006 ante
631 953 813 1005 Consulatum
827 952 1004 1019 superiorem
1036 944 1037 1011 ἰ

192 1026 307 1083 firmet:
317 1036 353 1074 ex
363 1038 417 1089 quo
429 1024 605 1090 intelligitur,
616 1021 719 1090 Pyrrhi
728 1023 805 1075 bello
815 1021 949 1089 granden
961 1036 1006 1072 sa·

193 1112 229 1148 ne
241 1093 343 1144 fuisse:
355 1099 383 1143 et
393 1099 489 1146 tanuen
498 1094 540 1144 sie
551 1109 568 1144 a
579 1095 704 1160 patribus
714 1093 882 1159 accepimus.
902 1086 945 1144 17.
955 1090 1005 1144 Ni·

192 1163 235 1216 hil
245 1162 334 1229 igitur
343 1161 473 1225 afferunt,
489 1163 538 1230 qui
548 1163 576 1212 in
587 1179 618 1217 se
627 1162 751 1231 gerenda
759 1161 867 1215 versari
879 1165 1005 1214 sestertio·
1037 1168 1038 1181 ¹

137 1278 141 1285 .
193 1242 252 1287 tem
261 1238 377 1300 negant,
395 1232 557 1300 similesque
567 1239 640 1294 sunt,
650 1239 682 1284 ut
692 1232 718 1284 si
728 1231 777 1300 qul
786 1232 1003 1298 gubernatorem
1037 1270 1038 1289 ,

193 1305 224 1357 in
245 1301 402 1381 navigando
424 1302 508 1370 agere
528 1301 598 1354 nihil
618 1301 722 1364 dicant,
741 1317 825 1369 quum
839 1301 893 1354 alil
913 1300 1004 1354 malos
1037 1304 1038 1339 i

194 1372 339 1433 scandant,
351 1372 400 1422 alii
412 1387 461 1439 per
470 1371 548 1425 loros
559 1378 680 1436 eursent,
691 1371 742 1424 alii
752 1371 891 1424 sentinam
903 1366 1004 1423 exieu-

194 1444 283 1496 riant:
304 1442 355 1494 ille
375 1449 480 1505 autem,
501 1442 610 1494 clavum
631 1439 1004 1509 tenens,eedeatinpup1›i

195 1515 320 1583 quietus.
348 1511 412 1565 Non
422 1511 533 1580 foci[a]t
544 1529 586 1575 ea,
598 1511 806 1581 quaeiuvenes:
816 1518 848 1564 at
857 1527 925 1565 vero
936 1510 1003 1563 rnul-

196 1594 226 1637 to
237 1584 345 1640 maiora
360 1583 518 1636 et'meliora
529 1582 607 1635 lacit.
644 1582 708 1636 Non
717 1582 824 1635 viribus
836 1587 887 1636 aut
901 1581 1005 1634 reloei·

195 1654 303 1706 tatibus
318 1660 367 1705 aut
383 1652 530 1706 eeleritate
544 1667 694 1721 corporum
707 1668 753 1705 res
769 1667 890 1720 inagnne
907 1666 1004 1721 geron·
1038 1705 1039 1710 χ

196 1730 253 1788 tur,
266 1722 315 1777 sed
327 1721 453 1785 cornilio,
469 1726 651 1787 auctoritate,
666 1719 818 1786 sententia3
839 1722 940 1790 quibus
950 1736 1004 1773 non

195 1793 282 1847 modo
298 1809 353 1845 non
368 1793 475 1856 orbari,
494 1792 545 1846 sed
561 1793 759 1860 etienruugeri
773 1798 908 1854 senectus
923 1791 1003 1844 stilet.

196 1863 239 1916 18.
250 1862 313 1915 Nisi
322 1862 397 1914 forte
407 1876 460 1929 ego
472 1862 566 1926 vobis,
577 1861 636 1930 'qui
646 1869 678 1915 et
685 1863 767 1914 miles
783 1868 812 1914 et
822 1862 968 1914 'l'ribunus
978 1866 1006 1912 et

130 1945 131 1948 ’
195 1934 321 2000 Legatos
332 1939 361 1985 et
372 1932 475 1984 Cosssul
485 1939 613 1986 versatus
621 1948 683 1984 som
697 1923 727 1984 in
736 1932 815 1986 vano
829 1947 935 2000 genere
948 1929 1005 1983 bel·

196 2003 297 2064 lorum,
309 2017 418 2054 cessare
429 2018 500 2055 nnnc
510 2001 617 2065 sideni,
628 2017 710 2070 quum
722 2002 798 2054 bella
807 2017 863 2053 non
874 2017 954 2070 gero.
972 2001 1006 2052 it

197 2072 321 2133 Senatui,
334 2086 403 2138 qnae
414 2077 478 2123 sulit
488 2072 619 2140 gerenda,
630 2072 801 2138 praescribo,
812 2078 841 2124 et
852 2070 1009 2139 quoniodez'

176 2142 179 2146 ’
196 2139 380 2208 Karthagini,
400 2140 475 2196 male
489 2143 547 2194 iarn
564 2142 611 2193 diu
629 2142 777 2210 cogitanti,
797 2140 904 2193 belluni
916 2139 1004 2192 multo

196 2216 262 2262 urite
269 2209 414 2263 denuntio:
428 2209 463 2264 de
474 2226 529 2278 qua
538 2213 629 2266 vereri
639 2226 695 2263 non
705 2217 769 2264 ante
779 2210 915 2275 desinam,
926 2206 1005 2279 quain

195 2280 277 2334 illam
291 2280 414 2334 exonam
428 2296 490 2333 esse
506 2296 675 2350 cognovero.
711 2278 753 2333 19.
772 2280 863 2343 Quam
885 2281 1006 2348 palmare

197 2350 307 2402 utinam
317 2349 365 2401 Dii
376 2350 551 2406 immortales
562 2352 633 2417 tibi,
641 2350 745 2417 Scipio,
755 2358 910 2413 reservent,
920 2357 953 2402 ut
963 2347 1007 2401 ari

198 2417 334 2486 reliquias
349 2420 528 2486 persequare!
559 2421 646 2472 cuius
656 2436 673 2471 a
683 2426 772 2472 niorte
789 2417 836 2470 hie
852 2421 1007 2487 quintusel

196 2488 357 2540 tricesimus
368 2495 411 2539 est
423 2504 522 2540 aulius:
543 2490 594 2542 sed
609 2489 770 2542 nienuoriam
782 2488 860 2540 illius
872 2489 928 2541 viri
937 2486 1008 2542 exel-

198 2558 277 2623 pient
289 2572 384 2622 onrnes
394 2558 461 2609 anni
472 2566 680 2627 consequentes.
715 2559 793 2611 Anno
806 2565 873 2612 ante
882 2574 929 2612 nie
941 2560 1009 2611 Ceu·

199 2639 292 2688 rorent
306 2633 433 2684 mortuus
446 2633 504 2692 est,
523 2623 577 2698 [iix
593 2629 673 2684 aonia
686 2634 751 2700 post
767 2643 861 2682 oleum
872 2623 1008 2684 cenna·
