2084 3025
195 198 245 251 102
442 191 498 250 DE
515 191 752 254 Pus-irionis

193 303 272 370 large
288 310 372 370 atquo
388 301 541 357 honorifico
556 304 687 371 promitti
700 303 807 365 solunt.
844 296 991 364 Quare-ino

193 372 304 440 quidem
316 374 400 425 facile
412 380 593 442 praeceptum
605 380 661 435 est,
679 379 721 435 ut,
741 372 813 440 quod
825 381 940 440 arturus
950 375 993 435 sis,

192 444 233 505 id„
243 444 385 510 significes
401 450 429 494 to
446 444 573 496 studiose
592 460 625 496 ao
638 445 758 502 libenter
776 459 838 494 esse
853 442 995 497 facturum.

192 513 418 567 illud‘diffinilius
430 521 459 565 et
471 515 561 580 magis
572 515 731 580 adtempus,
743 528 824 579 mam
830 512 867 563 ad
873 520 995 564 naturam

193 584 434 637 accommodatum
444 589 535 640 tuom:
553 584 627 651 quod
637 583 731 637 iacere
742 598 799 635 non
810 583 913 651 possis,
928 588 960 632 ut
968 579 996 632 id

194 658 243 707 aut
254 653 373 713 iucunde
382 655 545 722 promittas,
556 661 605 706 out
616 655 735 722 ingenue
745 669 839 720 neges.
876 653 1001 717 Quorum·

194 723 314 773 alterum
326 730 368 774 est
383 724 451 774 boni
465 726 533 787 viri,
555 725 674 781 alterum
686 725 752 783 boni
764 723 906 789 petitoris.
942 721 997 773 xit
1029 762 1030 765 η

194 792 267 844 Nam
283 809 366 860 quum
382 793 411 844 id
426 795 546 860 petitur,
567 795 641 862 quod
654 792 773 846 honeste
786 799 836 846 aut
847 793 910 843 sine
922 790 999 843 detri-

194 868 290 914 mento
300 869 396 914 nostro
406 865 572 930 promittere
580 880 636 917 uon
647 862 807 931 possumus,
830 867 899 928 (quo
912 862 999 924 modo,

195 933 221 985 si
232 933 280 998 qui
290 940 379 998 roget,
401 939 543 986 utcontra
554 935 673 986 amicum
686 934 807 999 aliquem
820 947 952 982 caussam
961 946 999 982 re·

196 1002 352 1068 cipimus)
373 1003 446 1056 bello
457 1005 676 1072 negandumost,
698 1010 729 1053 ut
740 1001 872 1054 ostendas
886 999 1001 1052 necessi·
1029 1058 1030 1079 Χ

194 1071 328 1137 tudinem,
350 1072 524 1126 demonstres
536 1090 619 1142 quam
626 1074 744 1127 moleste
754 1072 839 1133 ieras,
857 1071 923 1121 aiiis
932 1078 963 1122 te
973 1068 1001 1119 id

159 1140 163 1146 ’
193 1141 278 1194 rebus
294 1147 471 1197 exsarturum
488 1159 550 1199 esso
566 1143 745 1210 persuadeas.
780 1141 885 1192 Audiri
901 1140 955 1192 hoc
966 1139 1002 1190 di·

195 1225 258 1264 cere
280 1212 428 1277 quemdam
448 1212 482 1263 de
503 1213 668 1279 quibusdam
688 1211 859 1272 oratoribus,
881 1211 920 1260 ad
936 1223 1000 1277 quos

197 1282 421 1335 caussamsuam
432 1281 598 1345 detulisset,
618 1282 770 1349 gratiorem
782 1280 836 1331 sibi
848 1282 1002 1331 orationem

196 1349 286 1403 fuisse
297 1353 367 1414 eius,
383 1352 432 1419 qui
441 1360 580 1421 negasset,
597 1368 677 1418 quam
687 1351 774 1412 iliius,
785 1350 834 1417 qui
840 1351 1001 1417 recepisset.

197 1419 245 1473 Sic
255 1420 381 1477 homines
391 1421 487 1475 fronte
497 1429 527 1476 et
538 1423 666 1484 oratione
677 1421 776 1488 magis,
788 1435 873 1486 quarn
884 1421 951 1490 ipso
961 1420 1000 1469 bo·
1029 1448 1030 1457 κ

197 1491 298 1543 neiicio
315 1504 400 1560 reque
413 1492 573 1559 eupiuntur.
609 1491 713 1545 Verum
728 1491 781 1542 huo
791 1490 942 1557 probabile
952 1493 999 1543 ost:

197 1561 269 1613 illud
279 1562 399 1614 alterum
409 1563 560 1615 subdurum
567 1562 634 1625 tibi,
650 1560 760 1613 'homini
768 1560 930 1624 Platonico,
946 1573 1001 1611 sua·

174 1693 178 1698 ,
198 1630 278 1690 dero:
290 1633 339 1684 sed
349 1639 444 1686 temen
455 1635 578 1701 tempori
587 1640 636 1684 tuo
648 1631 803 1690 consulam.v
819 1632 931 1693 Quibus
937 1629 1001 1682 euin

196 1708 226 1754 te
237 1709 353 1769 proptor
363 1703 479 1770 aliquod
493 1705 616 1755 officium
626 1701 838 1753 necessitudinis
851 1701 1002 1752 affuturum

197 1773 318 1838 segaris,
328 1779 424 1824 tamen
434 1774 455 1824 ii
465 1779 583 1840 possunt
593 1773 642 1824 abs
652 1779 681 1823 te
693 1771 797 1838 plooati
808 1768 1003 1837 aequiquodis·

197 1841 309 1893 cedere:
331 1843 430 1907 quibus
443 1849 537 1895 autom
552 1842 656 1894 ideireo
670 1839 799 1908 negaris,
819 1841 900 1906 quod
912 1846 945 1892 te
958 1840 1004 1889 im·

197 1909 323 1981 pediturn
334 1926 395 1963 osse
407 1912 513 1980 dixeris
524 1919 573 1963 aut
584 1912 737 1965 anticorum
743 1911 878 1976 negotiis,
891 1916 1005 1978 autgra·

196 1980 322 2034 rioribus
333 1981 453 2043 caussis,
476 1989 540 2034 aute
556 1983 706 2048 susceptis3
724 1981 836 2031 inimici
847 1980 1005 2034 disceduntr

160 2087 162 2090 -
198 2064 349 2116 omnesque
360 2049 414 2102 hoo
423 2050 516 2102 animo
528 2059 612 2113 sunt,
624 2058 658 2101 ut
667 2051 724 2100 sibi
733 2057 763 2101 to
775 2050 893 2101 mentiri
902 2050 1006 2110 malint,

197 2133 401 2189 quum-negare.
431 2120 465 2170 ¹(1.
475 2121 569 2182 cotta,
577 2121 610 2171 in
622 2119 775 2173 ambitione
787 2118 904 2182 artifex,
917 2120 1006 2174 dicere

197 2189 317 2255 solebat,
338 2207 368 2243 se
380 2187 591 2256 operamsuam
607 2188 700 2256 quoad
707 2204 764 2239 non
775 2190 1007 2243 contraoffioinm

196 2267 356 2327 rogaretur,
374 2259 506 2325 polliceri
523 2259 617 2322 solere
635 2259 775 2320 omnibus,
796 2260 949 2325 impertire
968 2260 1008 2318 iis,

198 2329 352 2397 apudquos
364 2330 469 2395 optime
485 2330 552 2395 poni
564 2328 762 2380 arbitraretur:
784 2328 851 2382 ideo
862 2344 896 2381 se
906 2326 1009 2382 nemini

199 2413 312 2465 negare,
328 2399 655 2466 quodsaopsaeeidoret,
665 2405 700 2448 -nt
709 2398 742 2459 is,
754 2398 801 2449 oui
810 2399 962 2464 pollicitus
972 2412 1009 2450 es·

198 2476 252 2531 set,
261 2484 321 2522 uon
332 2474 468 2520 uteretur:
483 2485 577 2537 saepe,
594 2464 695 2535 utipse
701 2468 795 2535 magis
808 2475 886 2520 osset
895 2483 1009 2526 saeuus,

199 2552 282 2603 quarn
298 2544 437 2605 putasset:
458 2555 548 2606 neque
561 2554 647 2607 posse
663 2538 774 2589 domum
790 2539 850 2590 eius
862 2537 1008 2606 compleri,

200 2607 248 2670 qui
257 2612 365 2659 tantum
375 2608 619 2676 modouooiperet,
629 2614 761 2676 quantum
772 2608 883 2660 rideret
894 2609 1009 2661 soobirs

198 2686 294 2737 Posse:
317 2693 382 2728 casu
397 2677 472 2739 fieri,
492 2685 525 2731 ut
536 2686 717 2746 aganturoa,
737 2694 807 2745 quae
818 2693 877 2729 non
890 2678 1008 2744 putarim

198 2739 266 2805 iila,
287 2760 357 2812 qnae
367 2746 526 2800 .oredideris
537 2749 570 2800 iu
586 2749 713 2802 manibus
728 2764 802 2811 osse,
822 2754 855 2800 ut
865 2749 967 2816 aliqua
977 2746 1008 2798 ds
