2084 3025
200 114 237 173 lu
383 113 437 169 DE
453 110 622 177 Neroua
639 111 821 167 DEORUM

198 231 253 284 que
272 215 378 279 videor,
397 218 524 285 inquam,
544 218 666 283 venisse,
685 224 718 270 ut
738 218 821 280 dicis,
839 219 1007 285 opportune.

131 321 133 325 -
198 287 270 338 Tres
280 287 352 337 euim
361 287 445 337 trium
455 287 664 354 disciplinarum
674 289 816 355 principes
827 286 1007 340 convenistis.

199 353 241 407 M.
252 353 319 405 Piso
329 354 354 404 si
367 355 485 419 adesset,
505 357 610 408 nullius
620 356 822 423 philosophiae,
839 371 934 409 earum
946 356 1009 422 qui·

200 423 272 486 deus,
285 438 354 490 quae
364 424 394 474 in
404 423 508 477 honore
520 432 593 488 suat,
604 433 719 480 raearet
728 428 815 478 locus.
826 428 900 477 Tum
910 426 1008 485 cotta,

200 489 243 557 Si,
256 493 359 559 inquit,
376 493 448 546 liber
457 495 587 546 Antiochi
601 497 704 561 nostri,
723 497 771 563 qui
781 496 816 546 ab
826 510 860 548 eo
870 507 960 560 nuper
972 493 1010 546 ad

200 560 272 615 hunc
286 561 404 616 Balbum
426 565 527 616 missus
543 571 599 628 cst,
620 582 688 619 vera
708 565 845 632 loquitur;
868 562 939 614 nihil
951 569 1007 626 est,

200 630 274 700 quod
284 630 426 694 Pisonem,
441 632 608 686 familiarem
624 641 711 698 tuum,
726 634 876 686 desideres.
911 633 1012 684 Antio·

200 700 252 755 cho
270 701 343 752 enim
355 700 442 753 Stoici
463 719 525 754 cum
543 704 739 773 Peripateticis
759 720 790 756 re
807 703 951 755 concinere
968 702 1013 752 vi·

200 770 314 833 dentur,
333 771 426 823 verbis
438 771 618 840 discrepares
632 789 686 843 quio
698 773 733 826 de
747 774 821 825 libro
829 767 914 824 velim
924 770 1011 834 seire,

199 838 297 901 Balbe,
309 840 374 906 quid
386 843 498 895 sentias.
526 845 642 911 Egonei
660 845 750 914 inquit
760 843 818 895 illc.
846 841 945 902 Miror,
955 841 1012 891 An·

199 907 331 972 tiochum,
343 908 480 964 hominem
490 912 520 963 in
531 915 629 978 primis
641 921 761 975 acutum,
776 927 832 963 non
840 910 952 972 iidisse,
969 910 1013 961 in-

199 984 305 1030 teresse
320 980 469 1045 plurimum
477 983 558 1033 inter
572 980 694 1043 Stoicos,
717 981 763 1047 qui
778 978 894 1029 honesta
904 993 922 1029 a
933 992 1012 1030 com·

199 1047 291 1099 modis
301 1063 356 1099 noa
366 1051 490 1111 naurire,
511 1048 561 1101 sed
570 1064 673 1116 genere
682 1053 745 1099 toto
758 1048 960 1115 disiungerent,
980 1053 1012 1100 et

200 1116 415 1182 Peripateticos,
435 1120 483 1184 qui
496 1117 614 1172 honesta
629 1119 840 1169 commiscerent
855 1132 916 1168 eum
933 1130 1011 1167 com·

199 1185 305 1253 modis,
322 1192 355 1237 ut
365 1203 399 1238 ea
409 1187 483 1239 inter·
494 1203 524 1240 se
534 1188 723 1255 magnitudine
735 1193 764 1239 et
773 1187 852 1254 quasi
862 1184 1010 1254 gradihus,

200 1271 258 1310 aon
268 1270 370 1323 genere
381 1256 534 1310 differrent.
563 1258 644 1309 llaec
654 1257 728 1310 enim
740 1263 783 1310 est
793 1271 849 1308 uon
858 1255 1013 1307 verborum

222 1340 302 1386 arra,
323 1324 375 1376 sed
387 1341 479 1377 rerum
493 1341 646 1395 permagna
657 1327 804 1379 dissensio.
841 1321 883 1376 17.
901 1322 1035 1376 Verum,

201 1338 272 1447 daec
289 1394 371 1445 aliast
389 1410 460 1446 nunc
476 1397 550 1463 quod
566 1397 720 1464 coepimus,
738 1399 767 1448 'si
779 1394 901 1448 videtur.
936 1393 1015 1445 Mihi

201 1475 278 1526 rero,
290 1461 379 1531 iuquit
389 1465 481 1528 cotta,
492 1466 612 1525 videtur.
648 1465 713 1530 Sed,
722 1472 755 1519 ut
764 1465 818 1529 hic,
829 1463 877 1532 qui
889 1463 1016 1516 interve·

202 1534 255 1596 ait,
266 1547 315 1586 me
324 1534 443 1597 intuens,
457 1553 492 1590 ne
501 1538 624 1604 ignoret,
647 1546 717 1605 quse
727 1552 773 1589 res
785 1542 897 1604 agatur:
917 1532 952 1585 de
963 1549 1019 1585 na-

202 1609 270 1655 tura
280 1604 430 1671 agebamus
439 1605 574 1659 Deorum.
603 1606 681 1668 Quae
691 1622 777 1674 quum
787 1603 854 1657 mihi
866 1602 1017 1657 rideretur

203 1674 385 1795 perobscura,
404 1680 436 1725 ut
445 1691 557 1742 semper
565 1678 656 1729 videri
666 1677 754 1738 solet,
773 1674 890 1741 Epicuri
898 1687 935 1724 ex
943 1670 1017 1725 Vel·

216 1742 261 1794 cio
280 1744 445 1795 sciscitabar
464 1746 639 1796 sententiam.
684 1745 887 1804 Quamobrem,
907 1741 1017 1807 inquit,

204 1809 307 1872 Vellei,
318 1812 373 1862 nisi
383 1811 532 1863 molestum
544 1820 596 1874 est,
605 1819 710 1879 repeto,
721 1825 792 1877 quae
804 1822 948 1872 coeperas.
959 1809 1018 1863 Re-

204 1885 300 1948 petam
311 1893 392 1932 rei-o:
414 1894 579 1946 quamquam
590 1894 645 1930 non
656 1878 738 1940 mihi,
753 1879 802 1930 sed
812 1877 865 1929 tibi
880 1875 926 1927 hic
935 1881 1019 1933 venit

112 1961 118 1966 ·
206 1949 327 2002 adiutor.
355 1948 781 2016 Amboenim,inquitarridens,
794 1946 939 1999 abeodem
950 1946 1019 1999 Phi·

205 2018 270 2073 lone
281 2015 351 2070 nihil
363 2019 433 2070 scire
445 2018 594 2069 (fidicistis.
631 2018 702 2068 'l'um
713 2032 780 2085 ego,
798 2015 873 2080 Quid
885 2016 1018 2069 didiceri-

142 2099 146 2104 ’
204 2103 276 2148 mus,
287 2088 371 2139 Cotta
379 2087 496 2139 viderie
514 2092 649 2138 tuentem
661 2085 727 2136 nolo
737 2084 893 2149 existimes,
909 2101 954 2139 me
965 2088 1019 2139 ad·

204 2158 325 2211 lotorem
336 2155 528 2219 huicvenissc,
546 2154 597 2207 sed
610 2154 781 2217 auditorem,
801 2162 830 2208 et
844 2156 957 2222 quidem
966 2171 1018 2212 ae.

187 2224 191 2228 ’
206 2242 299 2295 quum,
320 2226 410 2279 libero
419 2224 534 2288 iudicio,
548 2224 635 2275 inulla
645 2224 782 2276 eiusmodi
792 2224 956 2278 adstrictum
965 2242 1019 2279 ne·

206 2296 350 2358 cessitate,
368 2302 400 2346 ut
414 2292 491 2356 mihi,
509 2293 604 2357 velim,
625 2294 722 2358 nolim,
741 2295 1018 2363 sitcertaquaedam

205 2365 310 2420 tuenda
320 2364 465 2417 sententia.

257 2433 337 2491 Vlll,
350 2431 393 2486 18.
410 2435 484 2485 Tum
495 2433 633 2498 Velleius,
654 2435 774 2488 tidenter
782 2450 864 2497 sane,
877 2439 911 2486 ut
919 2435 1031 2489 solent>

207 2504 264 2566 isti,
277 2503 349 2557 nihil
359 2509 420 2555 tam
427 2519 536 2566 verens,
550 2519 633 2572 quam
645 2521 680 2558 ne
691 2506 819 2559 dubitem
830 2505 925 2571 eliqua
936 2505 972 2557 de
982 2521 1017 2559 re

132 2614 137 2619 .
206 2575 360 2639 rideretur3
378 2580 518 2640 tamquam
531 2575 615 2627 modo
625 2590 660 2627 ex
670 2575 796 2628 Deorum
807 2572 927 2626 concilio
937 2581 966 2625 et
978 2580 1029 2627 ex²

208 2645 321 2713 Epicuri
340 2643 536 2699 intermundiis
555 2644 756 2707 descendisset:
776 2643 892 2706 hodite,
911 2642 1007 2711 inquit
