2084 3025
155 85 164 104 ²
195 106 231 160 se
497 80 687 167 daueros

145 274 149 281 ἱ
197 219 249 274 est,
269 210 388 277 sedeas
409 214 496 267 etiam
515 215 677 284 plerumque
698 216 785 270 efficit
803 231 913 280 caecos,
932 224 1000 285 quos

91 306 97 314 ·
144 294 148 303 ·
197 282 345 348 complexa
353 292 406 337 est.
441 285 539 352 ltaque
550 286 703 339 efferuntur
716 288 762 338 illi
776 286 835 338 iere
846 287 962 339 fastidio
972 294 1001 339 et

197 353 385 405 contumacia:
406 368 495 421 neque
515 356 666 425 quidquam
685 357 837 423 insipiente
858 357 1002 410 fortunato

197 421 403 491 intolerabilius
414 424 476 476 fieri
487 432 591 491 potest.
617 429 708 493 nsque
723 424 776 479 hoc
786 424 1002 492 quidemriders

97 516 112 532 ι
196 490 273 554 licet,
280 506 341 553 eos,
352 493 401 559 qui
411 500 494 545 antea
505 495 658 547 commodis
669 492 781 551 fuerunt
792 497 931 559 moribus3
953 495 1002 546 im·

70 564 74 571 “
130 568 133 571 “
196 561 286 630 perio,
303 569 458 628 potestate,
478 566 620 631 prosperis
630 564 714 617 rebus
723 564 879 627 immutari,
898 562 1002 632 sperni·

102 678 107 688 ,
217 646 252 684 ue
268 632 303 683 ab
321 630 365 684 his
380 638 488 686 veteres
503 634 654 707 amicitias,
674 632 815 702 indulgeri
835 634 924 685 nens.
960 632 1001 686 55.

191 647 274 763 'auid
286 707 379 753 autem
389 702 518 765 stultius,
538 707 633 769 quam,
653 719 736 769 quum
745 703 895 770 plurimum
906 702 1001 771 copiis,

198 769 391 835 facultatibus,
406 771 633 838 opibus-possint,
649 778 744 825 cetera
754 787 865 839 parare,
876 787 949 839 quae
959 787 1002 839 pa·

198 845 297 895 rantur
315 841 441 908 pecunie,
448 856 557 907 equos,
574 841 712 904 famulos,
725 847 832 894 vestem
848 842 1002 912 egregiam

146 940 149 946 ·
199 914 415 976 vasapretiosa:
437 911 607 962 amicosnon
624 922 737 979 parare,
759 910 1002 978 optimametpul·

200 975 365 1031 cherrimain
376 980 460 1042 vitae,
481 987 513 1033 ut
528 980 570 1032 ita
581 980 679 1043 dicam,
699 980 940 1047 suppellectilem
958 981 1002 1031 Et·
1021 996 1024 1009 ¹

199 1048 272 1101 enim
285 1055 379 1100 cetera
389 1064 472 1115 quum
483 1055 592 1116 parant,
606 1050 651 1102 cui
662 1057 769 1116 parent,
778 1114 780 1119 ,
789 1044 944 1113 nesciunt,
954 1063 1003 1101 nec

198 1117 279 1173 cuius
291 1132 389 1169 caussa
399 1117 544 1170 laborentr
554 1147 587 1166 ¹·-
598 1120 659 1172 eius
669 1126 712 1170 est
719 1119 791 1171 enim
801 1118 921 1172 istorum
926 1117 1001 1186 quid·

198 1200 265 1254 que,
286 1186 333 1256 qui
346 1186 433 1239 vincit
447 1187 563 1240 viribus:
573 1218 608 1229 -
630 1189 817 1241 amicitiarum
834 1204 889 1241 sua
907 1189 1003 1255 cuique

196 1262 342 1322 permanet
351 1257 461 1316 stabilis
472 1263 501 1309 et
513 1263 590 1310 certa
600 1259 754 1325 possessio:
770 1263 811 1321 ut,
822 1258 908 1311 etiam
919 1259 946 1310 si
955 1258 1002 1309 illa
1037 1314 1039 1328 Ι

196 1332 338 1389 maneant,
355 1340 426 1393 quae
437 1332 502 1378 sunt
512 1329 595 1394 quasi
605 1329 680 1380 dona
689 1327 828 1390 fortunae,
839 1335 935 1380 tamen
946 1328 1002 1385 vita

195 1394 303 1447 inculta
312 1402 341 1448 et
353 1395 464 1449 deserta
474 1397 509 1449 ab
519 1396 627 1462 amicis,
638 1414 693 1450 nou
702 1399 793 1466 possit
803 1413 865 1452 esse
874 1379 1017 1490 iucundey¹

196 1462 251 1519 Sed
263 1464 332 1519 haec
343 1463 379 1517 ha
410 1482 485 1519 enus.
529 1506 532 1512 s
1037 1486 1040 1558 q

218 1531 221 1538 ’
249 1472 1001 1658 XVI,ddsgonstitaendisuntautem,quisintinami·

196 1606 346 1660 citienses
358 1622 373 1657 e
397 1607 476 1674 quasi
486 1607 601 1674 termini
612 1607 756 1675 diligendi.
776 1607 821 1659 Ile
832 1608 935 1674 quibus
945 1611 1000 1658 tres

194 1676 279 1743 video
288 1678 443 1728 sententias
454 1676 663 1744 lenffquarum
675 1678 780 1730 nullam
790 1676 893 1743 probor
909 1690 1002 1736 unam,
1038 1709 1039 1712 κ

116 1754 128 1765 “
195 1752 228 1797 ut
239 1745 432 1808 eodemmodo
444 1762 512 1814 erga
524 1746 629 1806 amiens
641 1747 735 1798 affecti
749 1746 848 1809 simus,
869 1759 925 1814 quo
936 1758 1002 1812 erga

194 1815 397 1881 nosmetipsos3
418 1815 546 1878 alteram,
567 1818 600 1865 ut
614 1823 711 1868 nostra
724 1816 753 1867 in
768 1815 1001 1869 amicosbenevo·

193 1881 283 1935 lentie
297 1883 412 1936 illorum
423 1900 490 1953 erga
500 1900 552 1936 nos
561 1884 773 1944 benevolentiae
783 1885 892 1952 pariter
901 1897 1001 1951 aequa·
1038 1919 1039 1924 κ

194 1951 506 2021 literquerespondeat:
528 1954 652 2016 tertiam,
668 1961 709 2020 ut,
725 1954 822 2023 quanti
833 1953 950 2022 quisque
960 1967 1000 2005 se·
1038 1993 1039 1998 η

106 2071 111 2083 ,
193 2023 259 2089 ipse
272 2022 354 2086 tacit,
376 2024 449 2076 tanti
462 2025 515 2076 ‘fiat
526 2027 561 2077 ab
572 2023 680 2078 aulicis.
715 2025 824 2078 Harum
839 2025 926 2076 trium
942 2038 999 2075 sen·

193 2091 348 2144 tentiarum
368 2079 440 2144 nulli
459 2110 574 2162 prorsus
595 2095 743 2148 assentior.
778 2094 838 2148 Nec
856 2094 931 2147 euim
951 2092 999 2144 illa
1038 2105 1039 2108 ’

86 2201 102 2223 ,,
189 2161 283 2229 prime
293 2177 360 2215 vera
371 2169 471 2228 est3ut,
481 2164 717 2231 quemadmodum
729 2165 757 2216 in
768 2180 798 2220 se
809 2164 940 2233 quisque,
958 2160 998 2214 sic

189 2232 223 2282 ‘in
244 2231 363 2284 amicum
383 2232 422 2289 sit
442 2235 592 2287 animatus.
632 2234 676 2289 5⁷,
695 2234 786 2297 Quam
806 2233 899 2285 multa
918 2232 999 2294 enim,

193 2316 264 2368 quae
284 2309 382 2355 nostra
402 2318 502 2355 caussa
522 2321 671 2372 numquam
691 2305 861 2367 faceremus,
882 2303 998 2358 iacimus
1037 2309 1040 2342 i

193 2384 293 2422 caussa
314 2372 483 2438 amicorumt
500 2376 612 2441 precari
631 2377 666 2427 ab
686 2374 809 2441 indigno,
828 2363 999 2441 supplicam
1038 2411 1039 2444 ;

190 2445 251 2489 tum
268 2443 395 2493 acerbius
409 2443 439 2494 in
455 2444 577 2512 aliquem
594 2442 696 2508 invehi,
716 2443 906 2512 insectarique
916 2440 997 2494 velie·
1038 2465 1039 2508 q

85 2558 92 2567 ,
190 2510 326 2562 mentius:
336 2567 340 2574 ¹
349 2526 420 2578 quae
430 2513 459 2563 in
470 2515 575 2565 nostris
586 2515 670 2566 rebus
681 2529 737 2564 non
749 2513 819 2564 satis
830 2511 958 2574 honeste,
969 2511 997 2561 ia
1009 2565 1021 2574 Η
1038 2527 1039 2554 ³

190 2578 344 2630 amicorum
355 2583 424 2633 fiunt
435 2580 644 2635 honestissime:
655 2584 817 2650 multaeque
828 2581 959 2641 cessant,
968 2581 998 2630 in

190 2646 292 2716 quibus
303 2648 336 2703 de
347 2651 407 2706 suis
423 2652 576 2706 commodis
586 2654 642 2707 siri
655 2645 725 2707 boui
740 2652 835 2718 marita
846 2647 996 2707 detrahunt
