2084 3025
149 187 155 191 “
179 167 334 222 Ladmus
351 168 405 223 DE
421 166 584 222 AMICITIA
603 168 676 223 cal).
695 165 720 223 1.
818 166 854 225 36

46 266 252 337 bitare'illum
262 276 292 325 in
304 274 378 326 omni
388 288 516 328 sermone
535 274 678 341 appellare
687 273 856 343 sapientemt

46 342 101 416 ego
113 351 208 397 autem
225 361 242 395 a
255 351 335 410 patre
347 346 388 396 ita
404 360 478 397 eram
490 344 625 401 deductus
636 345 671 401 ed
683 345 857 409 Scaevolam,

48 421 165 482 sumpta
176 414 253 467 virili
263 421 338 482 toga,
352 421 393 475 ut,
410 414 502 481 quoad
513 430 624 482 possem
633 422 662 467 ct
671 416 777 479 liceret,
787 431 805 468 a
815 431 858 470 se·

47 486 93 540 nis
105 486 196 537 latere
208 499 355 551 numquam
367 484 546 537 discederem.
569 486 666 552 ltaque
677 486 766 538 multa
776 486 811 539 ab
821 501 856 538 eo

47 555 203 625 prudenter
217 554 373 621 disputata,
395 555 484 607 multa
498 555 583 606 etiam
601 555 724 607 breviter
739 560 768 607 et
784 570 857 608 com·

48 625 134 678 mode
146 625 224 675 dicta
234 624 386 676 memoriae
397 623 574 686 mandabam,
585 625 700 695 flerique
710 624 857 677 studebam

48 697 113 750 eius
122 694 272 761 prudentia
283 694 401 746 doctior.
438 695 499 757 Quo
511 701 631 756 mortuo,
647 708 691 747 me
702 695 736 747 ad
748 695 859 761 pontiti·

48 781 113 821 cem
122 764 286 816 Scaevolam
298 764 412 826 contuli,
424 779 503 830 quem
514 779 599 814 unum
610 770 723 816 nostrae
735 764 858 823 ciuitatis

48 843 78 889 et
89 837 123 886 in
143 834 205 887 enio
218 841 245 886 et
255 834 366 886 iustitia
375 834 645 900 praestantissimum
656 834 744 887 audeo
755 833 857 887 dicere.

49 906 109 959 Sed
120 849 155 956 de
166 903 219 955 boc
230 904 313 956 alias:
324 920 397 955 nunc
408 904 492 956 redeo
505 904 541 955 ad
552 920 693 970 augurem.
729 906 755 957 2.
767 904 864 967 Quum.

31 1028 33 1032 ,
48 990 139 1043 saepe
149 975 247 1036 multa,
258 981 318 1025 tum
328 975 450 1037 memini,
460 975 537 1026 domi
547 975 576 1026 in
587 974 755 1043 hemicyclio
762 973 859 1027 seden-

47 1051 120 1107 tem,
133 1052 166 1094 ut
177 1044 295 1106 solebat,
317 1059 401 1110 quum
412 1052 440 1095 et
451 1060 503 1113 ego
514 1060 602 1096 essem
615 1061 669 1098 una
678 1052 707 1099 ct
718 1045 801 1112 pauci
811 1043 859 1096 ad·

46 1113 169 1175 modum
180 1113 346 1176 familiares,
356 1114 386 1164 in
397 1130 460 1165 eum
470 1130 624 1167 sermonem
636 1116 716 1167 ilium
725 1114 859 1179 incidere,

49 1186 173 1254 quitum
189 1182 249 1235 fere
264 1184 392 1234 omnibus
408 1190 468 1235 erut
483 1186 512 1236 in
524 1199 581 1236 ore.
617 1185 772 1237 Meministi
784 1186 857 1238 enim

45 1253 189 1324 profecto,
201 1253 300 1315 Attice,
310 1260 338 1305 et
348 1269 381 1306 eo
392 1254 490 1321 magIs,
501 1254 575 1322 quod
587 1253 617 1305 P.
628 1254 751 1321 SquIcio
762 1255 860 1307 uteba·

45 1339 80 1379 re
92 1323 227 1385 multum,
249 1328 346 1390 (quum
361 1323 525 1386 is'I'ribunus
540 1324 629 1391 plebis
638 1325 754 1390 capitali
764 1325 829 1376 odio
841 1341 860 1377 a

47 1395 84 1457 Q.
96 1392 247 1458 Pompeio,
267 1394 315 1459 qui
325 1399 383 1444 tum
395 1400 456 1447 erat
469 1393 587 1456 Consul,
608 1393 770 1457 dissideret,
792 1410 860 1462 quo·

48 1480 116 1518 cum
128 1463 356 1516 coniunctissime
368 1469 396 1516 et
407 1464 598 1517 amantissime
609 1464 738 1529 riserat),
754 1470 861 1533 quanta

47 1533 196 1588 hominum
209 1540 282 1588 esset
292 1534 337 1586 vel
350 1534 507 1597 admiratio,
518 1535 563 1586 vel
575 1535 697 1603 querela.
724 1531 750 1587 3.
761 1536 864 1601 ltaque

46 1612 112 1657 tum
124 1602 272 1665 Scaevola,
294 1620 377 1672 quum
396 1605 425 1656 in
436 1620 497 1656 eam
512 1603 601 1672 ipsam
617 1605 783 1658 mentionem
794 1604 861 1658 inci·

47 1673 158 1736 disset,
178 1674 306 1741 exposuit
316 1675 396 1727 nobis
411 1690 566 1727 sermonem
577 1675 669 1728 Laelii
681 1675 715 1730 de
728 1674 861 1736 amicitia,

46 1745 183 1798 habitum
199 1744 233 1796 ab
250 1744 300 1795 illo
313 1761 406 1796 secum
418 1751 446 1798 et
462 1761 524 1798 cum
535 1746 624 1797 altero
636 1747 739 1813 g'enero
750 1746 779 1797 0.
791 1745 861 1796 Fau-

46 1818 110 1878 nio,
122 1814 163 1865 M.
174 1813 215 1876 F,
224 1814 322 1881 paucis
335 1814 431 1866 diebus
443 1820 507 1881 post
518 1815 770 1868 mortemtitricani.
792 1815 861 1866 Eius

47 1884 254 1952 disputationis
265 1883 723 1951 sententiasmenioriaemandavi3
733 1901 802 1954 quas
807 1885 861 1938 hoc

45 1956 125 2009 libro
145 1954 262 2020 exposui
279 1968 340 2005 meo
359 1953 505 2006 arbitratu.
542 1955 629 2017 Quasi
643 1956 715 2008 enim
731 1956 861 2023 ipsosin·

46 2025 122 2078 duxi
132 2024 289 2090 loquentes,
302 2038 336 2074 ne
348 2022 464 2091 loquum
474 2029 502 2075 ot
511 2022 606 2090 Inquit
617 2027 728 2093 saepius
739 2026 863 2146 interfin-

46 2100 178 2154 neretur‚
189 2099 272 2160 atque
282 2098 313 2143 ut
324 2099 467 2159 tamquam
479 2110 496 2145 a
506 2095 697 2159 praesentibus
709 2110 803 2148 coram
834 2112 862 2148 a·

47 2164 115 2219 beri
135 2178 229 2215 sermo
249 2161 402 2215 videretur.
439 2162 532 2225 Quum
552 2164 625 2216 enim
647 2181 731 2232 saepo
753 2181 861 2219 mecum

48 2250 164 2302 ageres,
180 2240 212 2285 ut
223 2232 257 2286 de
267 2234 395 2286 amicitia
405 2227 556 2286 scriberem
567 2234 680 2303 aliquid,
698 2236 783 2302 digna
793 2235 863 2288 mihi

46 2312 195 2372 res'quum
208 2306 331 2356 omnium
342 2303 515 2371 cognitione,
534 2309 595 2356 tum
610 2311 706 2356 nostra
717 2304 862 2359 familiari-

46 2383 112 2430 tate
122 2375 249 2436 visaest.
284 2374 382 2442 ltaque
392 2374 447 2426 feel
456 2390 511 2425 non
520 2375 641 2437 invitus,
658 2381 689 2426 ut
701 2375 862 2441 prodessem

47 2446 153 2501 inultis
163 2449 215 2495 tuo
226 2451 338 2511 rogatu.
374 2443 400 2496 4.
410 2442 475 2506 Sed,
484 2452 517 2495 ut
532 2444 560 2496 in
572 2442 675 2497 t'atoae
685 2443 802 2508 Maiore,
814 2444 861 2511 qui

48 2523 95 2571 cst
108 2515 232 2581 scriptus
249 2515 284 2565 ad
295 2521 324 2566 te
340 2512 374 2565 de
389 2519 545 2577 senectute,
567 2516 699 2566 Catonem
713 2513 810 2565 induxi
820 2529 862 2564 se·

48 2602 117 2639 nem
127 2586 326 2652 disputantem,
346 2585 412 2651 quia
422 2584 501 2635 nulla
510 2583 659 2635 ridebatur
668 2582 761 2650 aptior
769 2596 863 2648 perso·

49 2673 96 2718 na,
117 2670 192 2722 quae
204 2656 238 2707 de
249 2654 300 2705 illa
309 2660 404 2705 aetate
413 2654 584 2720 loqueretur,
599 2667 681 2719 quam
692 2652 761 2713 eius,
775 2651 822 2718 qui
833 2657 863 2702 ot

49 2726 216 2779 diutissime
237 2738 322 2777 senex
335 2723 448 2789 iuIsset,
470 2729 499 2777 et
513 2724 542 2775 in
557 2723 620 2789 ipsa
634 2727 779 2775 senectute
794 2734 864 2789 pren
