2084 3025
210 163 265 226 ³72,
482 158 542 213 DE
560 150 742 212 orcistis
798 175 802 180 ·

211 272 265 331 set,
283 278 339 317 uon
349 271 413 315 uter
422 263 590 329 imperaret,
607 276 670 312 cuns
679 258 795 321 Latinis,
816 256 947 320 Sabinis,
964 257 1016 311 Ss-

212 335 357 396 mnitibus,
375 331 489 391 Poenis,
506 328 615 395 Pyrrho
633 328 668 381 de
682 327 799 393 imperia
816 327 1017 383 dimicabatur.

212 404 299 458 Poeni
304 398 466 467 foedifragi,
473 395 752 458 crudelisHanuiba13
764 395 1019 462 reliquiiustiurcs.

173 473 175 477 '
213 470 316 543 Pyrrhi
327 468 436 537 quidem
448 467 482 518 de
494 466 613 532 captivis
623 463 781 526 reddendis,
791 464 843 515 iiia
851 463 1017 530 praeclaras

249 538 305 594 Nec
314 540 352 591 mi
361 554 460 591 auram
466 549 558 604 pascu,
570 550 619 600 nec
628 534 668 587 mi
670 532 792 602 pretium
802 531 937 586 dederitis
943 548 957 594 ,·

239 608 304 662 vNec
315 616 498 677 cauponantes
510 605 614 667 bedam,
624 605 671 666 sed
680 602 877 672 belligerantes,
956 641 958 646 ,

249 678 346 740 Ferre,
360 695 413 730 nan
424 690 491 728 auru
501 673 587 726 sitan
596 687 739 726 cernamus
749 670 866 735 utrique.

256 745 340 800 Vosne
350 745 423 808 velit,
432 762 468 797 an
478 760 519 795 me
530 757 657 811 regnare,
671 740 738 801 bera
749 739 1022 821 quidaejeratfan,

254 815 362 869 Virtute
374 814 555 882 experiamur.
585 810 626 863 Et
635 809 686 862 bac
699 808 780 864 timrd
795 824 889 877 accipe
899 809 1022 863 dietant:

255 884 376 949 Quarum
387 882 487 935 virtuti
497 879 683 951 beilifnrtsrra
690 877 824 947 pepercit,

252 954 417 1007 Eorundem
428 968 469 1003 me
478 948 600 1001 libertati
605 964 721 1016 parcere
733 956 838 1000 certam
848 955 903 999 estc

253 1019 343 1083 Dona,
355 1020 454 1081 ducite,
465 1022 561 1086 doque,
570 1017 712 1070 valentibu'
723 1032 782 1068 cum
793 1016 900 1084 magnis
910 1012 986 1067 Diis.

130 1133 134 1139 .
220 1090 292 1142 xiil.
311 1090 353 1141 39.
372 1088 486 1155 Regalis
497 1103 573 1148 sane,
590 1093 620 1138 et
630 1086 715 1154 digna
723 1084 905 1144 Aeacidarum
917 1098 1022 1150 genere

221 1157 369 1210 sententia.
404 1158 492 1221 Atque
504 1156 590 1208 etiam
600 1154 702 1222 siquid
713 1153 827 1221 singuli,
844 1154 1021 1218 temporibus

222 1224 345 1287 adducti,
365 1223 647 1290 hostiuromiserunt,
663 1224 745 1275 estin
757 1237 791 1273 eo
802 1222 863 1288 ipso
876 1222 947 1273 fides
957 1236 1023 1273 con·

222 1293 367 1348 servanda.
403 1293 440 1344 Ut
455 1294 545 1360 primo
555 1290 659 1343 Punico
675 1291 765 1352 belia,
787 1290 909 1357 Regulus
922 1297 1024 1356 captus

222 1362 368 1426 aPuenis,
389 1377 471 1430 quum
493 1361 528 1412 de
548 1360 666 1427 captivis
689 1359 890 1412 commutandis
903 1358 1024 1411 Rumam

222 1433 323 1484 missus
336 1437 417 1493 esset,
430 1431 603 1495 iurassetque
614 1444 644 1481 se
654 1428 821 1480 rediturumr
842 1428 971 1494 primum,
992 1433 1024 1479 ut

173 1528 180 1533 -
223 1502 312 1562 venit,
335 1500 459 1568 captivus
480 1497 634 1550 reddendas
656 1497 687 1549 in
702 1497 806 1552 Senatu
825 1512 881 1549 nun
899 1498 1024 1561 censuit,

224 1569 333 1632 deinde,
357 1584 439 1637 quum
449 1569 617 1620 retineretur
627 1582 645 1618 a
656 1567 816 1634 propinquis
828 1574 857 1621 et
869 1567 904 1617 ab
917 1567 1025 1630 amicis,

126 1698 129 1701 v
183 1666 187 1671 ·
224 1639 260 1691 ad
276 1638 441 1705 supplicium
456 1637 549 1688 redire
564 1637 676 1699 maluit,
698 1652 778 1703 quam
793 1634 1024 1695 iidemhastidar

223 1714 282 1760 tam
293 1707 400 1758 fallere.
436 1705 493 1770 [40.
506 1703 632 1756 Secundo
646 1713 737 1759 autem
749 1704 850 1756 Punica
860 1705 949 1767 bello,
959 1711 1026 1771 post

224 1778 393 1830 Cannensem
409 1788 542 1840 pugnam,
564 1789 632 1841 quos
649 1774 743 1826 decem
752 1774 894 1826 Hannibal
904 1773 1026 1826 Romam

225 1844 373 1896 adstrictos
390 1844 466 1893 misit
481 1843 659 1900 iureiurando
675 1859 705 1895 se
716 1843 855 1894 redituros
871 1859 947 1906 esse,
968 1843 1027 1894 nisi

201 1956 206 1961 .
225 1914 259 1965 de
269 1912 437 1964 redimendis
449 1912 493 1974 iis,
501 1911 551 1978 ‘qui
564 1912 638 1978 capti
650 1918 737 1972 crant,
750 1912 961 1978 inrectrasseut:
975 1927 1027 1964 eas

225 1996 319 2033 omnes
332 1983 474 2043 Censores,
489 1980 578 2046 quoad
590 1981 704 2047 quisque
716 1995 811 2032 corum
822 1982 902 2043 vixit,
915 1981 968 2047 qui
979 1995 1028 2048 pe·

225 2049 370 2111 ierasscnt,
393 2050 422 2099 iu
433 2049 549 2102 aerariis
565 2049 749 2115 reliquerunt3
771 2065 821 2101 nec
832 2051 922 2107 minus
932 2049 1027 2113 illum,

225 2117 273 2185 qui
293 2117 476 2169 iurisiurandi
497 2117 595 2170 fraude
616 2119 725 2185 culpam
738 2119 891 2171 invenerat.
929 2119 1026 2181 Quum

226 2185 297 2236 enirn
309 2186 473 2238 Hannibalis
489 2187 624 2252 permissu
639 2189 743 2240 exisset
754 2187 788 2240 de
799 2188 915 2250 castris,
938 2188 1026 2240 rediit

225 2252 319 2319 paullo
341 2259 419 2320 post,
441 2255 515 2321 quad
536 2270 566 2306 se
584 2256 700 2308 oblitum
716 2257 809 2309 nescio
825 2256 892 2324 quid
906 2256 1027 2310 diceret.

226 2319 333 2393 Deinde
353 2335 478 2386 egressus
494 2339 509 2375 e
526 2324 639 2388 castris,
658 2325 835 2378 iureiurando
851 2341 882 2378 se
899 2325 1028 2378 solutum

226 2389 356 2456 putabat:
380 2392 408 2438 et
419 2395 478 2442 erut
488 2393 589 2456 serbis,
606 2408 636 2445 re
647 2409 702 2446 non
714 2402 783 2447 erat.
806 2393 920 2462 Semper
931 2401 1028 2448 autem

226 2455 330 2519 infide,
346 2455 412 2524 quid
422 2460 549 2522 senseris,
566 2477 621 2512 non
633 2463 696 2529 quid
708 2463 819 2526 dixeris,
835 2463 1029 2531 cogitandum.

226 2523 380 2605 Maximum
395 2530 487 2576 autem
499 2530 659 2595 exemplum
673 2539 718 2584 cst
731 2533 856 2586 iustitiae
870 2535 899 2584 in
915 2531 1028 2586 hostem

226 2607 245 2645 s
263 2593 415 2645 maioribus
434 2595 537 2644 nostris
553 2600 741 2653 constitutum.
777 2603 867 2664 Quum
881 2617 899 2654 s
913 2601 1029 2668 Pyrrha

187 2744 190 2751 V
227 2660 344 2730 perbrga
354 2659 468 2716 Senatui
479 2668 522 2714 est
532 2664 690 2732 pollicitus,
710 2684 740 2722 se
751 2684 884 2724 rensuum
895 2670 974 2739 Regi
983 2670 1027 2725 ds·
