2084 3025
148 158 282 223 LIBER
297 166 563 240 §incusatus
582 169 667 225 CAP.
682 168 710 225 0.
725 167 767 225 10.
801 162 855 224 '271

48 272 318 346 placetfalteram,
329 280 378 338 ut,
391 290 476 342 quum
488 274 544 326 duo
554 274 701 328 individua
711 290 762 344 per
771 276 858 328 inani·

48 352 141 410 tatem
152 344 298 409 ferantur,
316 344 436 397 alterum
453 347 594 412 eregioue
610 354 771 408 moveatur,
790 345 859 411 alte·

48 431 114 468 rum
126 415 261 467 declinet.
297 410 341 466 19.
358 414 440 468 Licet
451 416 524 466 enirn
534 416 667 483 Epicuro,
687 415 861 479 concedenti,

52 500 135 537 amne
155 485 332 537 enuntiatum
348 491 399 535 sut
413 500 511 536 verum
526 491 576 536 aut
591 484 693 537 falsum
710 500 786 548 esse,
805 501 861 539 non

50 555 160 616 vereri,
177 570 214 605 ne
224 553 317 605 omma
326 552 387 604 fato
399 554 461 606 lieri
471 555 509 605 sit
520 570 645 608 necesse:
666 554 805 608 nonenim
816 571 860 610 ae

52 625 145 689 ternis
155 624 274 685 caussis,
294 628 413 676 naturae
423 625 592 676 necessitate
606 626 796 689 manantibus,
815 642 861 680 ve·

51 708 115 744 rum
133 692 232 755 estid,
252 692 327 757 quud
342 694 384 743 ita
394 694 572 746 enuntiatur:
592 693 862 747 Descenditinlca·

52 762 175 816 damiana
186 761 356 814 Carneades:
375 779 428 815 nec
440 770 536 816 tamen
549 764 609 815 sine
621 764 739 816 caussis:
761 760 811 816 sed
822 765 861 817 in·
916 775 919 779 ’

51 838 143 885 terest
170 832 246 884 inter
266 847 378 883 caussas
398 833 520 884 innuite
542 840 718 899 antegressas
739 839 768 885 ct
788 835 865 895 inter·

52 916 171 959 mussas
180 900 343 953 cohibentes
353 903 382 952 in
392 919 424 954 se
432 902 610 955 efficientiam
622 903 788 955 naturalem.
808 903 862 969 'lta

52 978 82 1025 et
92 986 204 1037 semper
213 986 309 1022 uerum
319 970 384 1033 luit,
393 972 536 1023 nlurietur
545 972 694 1038 Epicurus,
709 988 794 1041 quum
804 972 861 1024 duo

52 1048 83 1094 et
99 1041 283 1108 septuaginta
297 1055 384 1092 anuos
397 1043 515 1104 vixerit,
535 1041 675 1094 Arclronte
687 1041 861 1111 Pytharat03

10 1172 14 1181 .
52 1125 143 1177 neque
154 1116 248 1161 tamen
259 1117 339 1161 erant
350 1122 465 1163 caussae
476 1112 643 1174 fatales,eur
654 1113 697 1162 ita
707 1112 860 1165 accideret:

51 1181 112 1243 sed,
122 1180 199 1247 quod
210 1181 253 1230 ita
262 1180 418 1242 cecidisset,
429 1187 507 1232 certe
516 1197 652 1243 casurum
664 1182 738 1234 sicut
749 1181 861 1243 cecidit,

52 1249 121 1311 fuit,
154 1249 200 1300 20.
219 1249 278 1300 Nee
288 1250 318 1311 ii,
340 1250 388 1316 qui
399 1250 496 1301 dicunt
506 1251 694 1303 immutabilia
706 1269 775 1315 esse,
789 1267 862 1319 quae

53 1320 153 1373 lutum
172 1318 243 1379 sint,
263 1334 314 1370 uec
332 1334 414 1386 posse
434 1335 530 1371 rerum
547 1319 675 1372 futurum
690 1323 818 1373 converti
833 1321 861 1372 in

53 1388 176 1450 laisum,
189 1386 450 1447 satinecessitatesn
462 1391 638 1452 confirmant,
652 1391 701 1442 scd
711 1391 861 1444 vernorum

52 1459 110 1509 rim
120 1459 357 1525 interpretatatum
390 1460 435 1522 At,
446 1460 494 1528 qui
504 1460 688 1511 introducunt
699 1475 861 1511 caussarum

53 1530 157 1583 seriem
177 1530 389 1595 sempiternam,
407 1531 430 1580 ii
446 1537 566 1582 mentem
581 1528 699 1581 hominis
715 1521 863 1584 vuluntate

6 1625 10 1634 .
51 1600 146 1654 libera
163 1598 328 1666 spoliatam,
348 1600 517 1652 necessitate
533 1599 588 1650 tati
599 1598 770 1652 devinciunt.
806 1597 862 1652 Sed

52 1669 123 1723 haec
133 1669 278 1720 hactenus.
314 1668 378 1720 Alia
393 1669 546 1721 videamus.

79 1786 81 1790 ,
106 1741 142 1791 X.
166 1738 316 1790 Concludit
333 1738 405 1789 enirn
426 1738 599 1807 Chrysippus
617 1736 671 1791 hoc
691 1737 789 1801 modo,
809 1737 862 1801 „si

51 1813 208 1863 estractus
215 1810 275 1859 sine
287 1822 399 1869 caussa,
417 1825 472 1859 nun
489 1810 578 1860 omnis
594 1809 765 1870 enuntiatio,
786 1807 861 1875 quod

53 1875 159 1944 ἀξίωμα
168 1877 320 1929 Dialectici
332 1878 490 1944 appellant,
508 1885 558 1932 aut
569 1894 635 1930 vera
654 1884 703 1928 aut
714 1876 787 1929 salsa
797 1879 861 1931 erit.

53 1949 176 1999 caussas
191 1947 265 1998 enirn
280 1946 431 2000 efficientes
451 1948 527 2014 quod
542 1963 597 1999 non
615 1947 743 2010 habebit,
765 1947 795 1999 id
811 1963 862 2001 nec

52 2031 150 2067 rerum
161 2032 214 2069 nec
223 2015 327 2067 falsum
337 2018 401 2069 erit.
430 2017 527 2068 Omnis
539 2024 632 2069 autem
643 2017 799 2069 enuntiatio
811 2023 862 2070 aut

53 2101 121 2139 vera
133 2092 185 2136 aut
201 2084 275 2136 falsa
289 2092 341 2138 est.
371 2086 474 2138 illotus
490 2100 557 2152 ergo
572 2088 632 2139 sine
649 2101 747 2138 caussa
766 2087 862 2140 nullus

54 2163 105 2207 est,
142 2152 190 2207 21.
206 2155 289 2216 Quod
299 2157 326 2208 si
336 2156 378 2206 ita·
388 2162 439 2218 est,
460 2158 561 2219 omnia,
576 2172 647 2224 quae
658 2158 742 2218 fiunt,
754 2158 862 2209 caussis

55 2225 126 2276 fiunt
135 2225 316 2293 antegressis.
345 2225 376 2276 ld
388 2227 412 2276 si
423 2226 464 2275 ita
474 2231 525 2288 est,
531 2227 630 2297 omnia
640 2225 700 2277 tato
713 2226 792 2279 flunt.
813 2225 866 2278 Ef-

55 2295 150 2347 ficitur
162 2296 263 2363 igitur,
273 2293 334 2347 fatu
345 2296 417 2357 lieri,
425 2309 616 2363 quaecumque
627 2296 703 2347 liant.
740 2297 797 2347 Hic
806 2296 861 2362 pri·

54 2379 130 2416 mum
158 2367 184 2415 si
208 2363 278 2416 mihi
302 2365 391 2418 libeat
417 2365 547 2416 assentiri
568 2366 689 2432 Epicuro
712 2370 741 2418 et
760 2378 862 2431 negare

55 2449 166 2487 omnem
188 2436 409 2486 enuntiationem
427 2439 477 2485 aut
491 2449 585 2486 reram
601 2442 661 2489 esse
677 2440 727 2485 aut
747 2431 862 2484 falsam:

54 2519 115 2556 earn
127 2504 241 2572 plagam
253 2505 348 2569 potius
360 2504 507 2569 accipiam,
530 2519 612 2570 quarn
625 2504 685 2555 fato
698 2502 791 2552 omnia
801 2501 862 2551 lierl

53 2575 242 2640 comprobem.
257 2574 310 2624 llla
319 2574 392 2626 eninr
404 2575 544 2625 sententia
554 2572 661 2638 aliquid
671 2571 756 2622 lrabet
768 2567 861 2634 ‹lispu-
879 2597 881 2601 .

51 2642 258 2705 tationis,lraec
267 2659 333 2695 vcro
345 2659 398 2695 non
411 2650 454 2694 est
464 2643 631 2695 tolerabilis.
645 2642 862 2705 ltaqueconten·

54 2712 98 2764 uit
110 2727 207 2764 omnes
217 2727 317 2766 nervus
328 2712 501 2780 Chrysippus
507 2747 516 2774 ,
538 2717 570 2760 ut
581 2707 765 2778 persuadeat,
781 2719 862 2755 unane

361 2955 369 2994 l
