2084 3025
163 131 217 184 350
254 142 257 147 ’
279 142 283 149 “
326 131 376 187 Μ.
394 128 544 183 TULLll
563 127 793 182 CICERONIS

164 237 257 288 silium
269 251 369 296 meum,
392 234 467 301 quod
477 234 565 284 maius
578 240 620 284 est
633 235 775 284 vinculum
787 233 824 284 ad
836 236 981 300 perpetui·

164 314 250 357 tatem
261 313 393 366 vestram,
405 304 557 371 quentilla,
570 305 668 370 quibus
679 305 748 360 estis
760 311 829 365 turn,
841 320 928 370 quurn
942 305 983 370 gi·

165 376 333 444 gnebamini,
345 373 481 440 colligati.
518 374 593 435 Quid
611 375 732 424 sentiam
748 374 985 441 igitur„eogno·

167 446 247 498 scite.
282 445 352 495 Tria
362 444 440 493 nobis
451 458 555 509 genera
564 442 674 508 reliqna
685 451 756 505 suut,
776 458 866 509 eaque
877 452 987 494 morta·

166 515 219 567 lie:
242 515 342 581 quibus
359 513 580 580 praetermissis,
602 512 672 563 caeli
690 512 833 564 absolutio
850 513 986 579 perfecta

166 601 222 639 non
233 586 296 636 erit,
334 584 433 634 Omnia
445 583 520 634 enim
530 598 634 649 genera
644 583 817 645 animalium,
826 584 986 650 complexu

165 670 221 706 nirn
236 653 356 705 tenebit:
378 658 475 704 teneat
490 660 583 703 autem
599 653 756 718 oportebit,
778 660 810 702 ut
825 653 932 704 eodem
949 669 984 709 ue

166 723 231 791 quill
243 724 326 784 absit,
339 738 410 788 quae
422 738 439 772 a
450 737 494 772 me
506 724 567 789 ipso
578 722 679 773 ellecta
690 724 756 783 siut,
767 722 841 788 queri
852 722 983 774 Deorum

165 795 251 844 vitam
264 792 353 859 possit
365 791 530 857 adaequare.
567 792 604 842 Ut
613 792 702 858 igitur
712 791 826 842 mortali
843 809 983 860 generen-

164 864 211 914 tur
223 861 389 922 conditione,
405 876 455 911 ros
466 861 607 927 suscipite,
622 870 653 911 ut
663 861 715 911 illa
725 862 865 928 gignatis,
887 863 981 913 imite-

163 933 287 998 minique
297 931 353 980 vim
367 945 465 990 meam,
479 946 533 997 qua
543 931 571 981 iu
585 938 679 982 vestro
691 940 755 982 ortu
766 948 810 984 me
823 947 908 982 usum
920 947 982 984 esse

164 1001 345 1054 meministis:
366 1000 395 1049 in
406 1001 507 1069 quibus
518 1001 565 1066 qui
574 1001 646 1052 tales
658 1007 798 1062 creantur,
807 1008 840 1050 ut
850 1001 980 1052 Deorum

163 1070 364 1122 immortalium
377 1070 458 1134 quasi
471 1068 596 1135 gentiles
602 1085 662 1121 esse
673 1071 806 1132 debeant,
829 1070 925 1121 divini
937 1088 980 1139 ge·

164 1142 239 1192 neris
256 1139 444 1205 appellentur,
468 1145 635 1205 teneantque
651 1141 772 1201 omniurn
789 1141 980 1191 animantium

164 1210 359 1278 principatum,
370 1208 507 1273 vobisque
516 1209 578 1259 iure
590 1215 619 1259 et
629 1209 694 1277 lege
704 1210 831 1265 volentos
843 1218 978 1275 pareant:

166 1290 282 1347 quorum
298 1277 376 1327 vobis
392 1277 502 1341 initium
518 1285 663 1344 statusque
681 1268 832 1331 traditura
843 1295 906 1331 nie:
930 1296 977 1331 ros

165 1356 258 1402 autem
271 1347 306 1397 ad
319 1347 354 1407 id,
365 1345 440 1412 quotl
450 1347 503 1396 orit
513 1347 683 1409 iruurortale,
699 1355 805 1414 partem
819 1351 977 1401 attexitote

165 1418 321 1469 mortalem.
340 1417 384 1466 lta
395 1415 519 1466 orientur
530 1417 693 1479 animantes,
705 1434 774 1484 quos
786 1425 814 1469 et
825 1420 911 1470 viros
924 1420 976 1470 ala·

164 1489 216 1549 tis,
237 1494 266 1538 et
283 1492 461 1551 consumptos
478 1486 541 1536 sinu
555 1487 707 1553 recipiatis.
742 1488 822 1539 Haeo
833 1489 887 1540 ille
898 1489 974 1541 uixit.

164 1557 225 1609 Xll.
246 1555 353 1607 Deinde
365 1543 401 1606 bd
412 1558 641 1621 temperationem
657 1558 831 1625 superiorem
842 1561 974 1611 revertit:

164 1628 194 1679 in
205 1642 260 1693 qua
271 1640 380 1676 omnem
393 1626 513 1675 animum
525 1627 672 1678 universae
682 1635 804 1687 “naturae
815 1635 974 1695 temperans

164 1696 364 1764 permiscebat,
391 1695 601 1761 superiorisque
623 1698 816 1762 permixtionis
838 1700 973 1766 reliquias

163 1766 282 1817 fundens
294 1764 441 1829 aequabat,
453 1764 551 1816 eodem
562 1765 646 1817 modo
657 1765 754 1828 ferme,
766 1767 819 1818 nisi
831 1770 908 1834 quod
921 1785 974 1824 non

162 1837 206 1888 ita
215 1838 399 1900 incorruptas,
414 1838 446 1884 ut
457 1850 499 1896 ea,
516 1845 586 1901 quae
596 1851 706 1902 semper
716 1838 801 1899 idem,
820 1836 872 1889 sed
885 1855 904 1889 a
914 1839 974 1888 Diis

119 1922 122 1925 ’
162 1905 313 1957 secundum
325 1905 451 1955 sumebat
461 1911 546 1970 atque
555 1906 681 1955 tertium.
696 1907 772 1959 Tuto
784 1908 876 1974 igitur
888 1910 973 1958 omni·

163 1990 200 2028 no
211 1974 377 2034 constituto,
393 1971 537 2041 sideribus
552 1989 649 2039 parem
665 1992 810 2029 numerum
827 1977 974 2028 distribuit

163 2045 327 2104 animorum,
339 2047 368 2093 et
378 2043 504 2107 singulos
515 2043 643 2096 adiunxit
657 2045 692 2096 ad
703 2046 823 2114 singula,
836 2053 923 2113 atque
933 2048 974 2098 ita

147 2125 152 2132 ‘
163 2115 245 2182 quasi
254 2114 284 2163 in
295 2127 405 2163 currum
416 2113 607 2164 universitatis
616 2114 758 2181 imposuit,
771 2124 975 2168 cunintonstra·

161 2186 257 2251 vitque
272 2183 349 2247 leges
366 2181 470 2232 fatales
485 2198 518 2233 ae
533 2185 720 2248 necessarias,
740 2193 768 2237 et
782 2185 907 2236 ostendit
920 2187 975 2252 pri.

161 2270 237 2305 mum
249 2258 340 2305 ortum
349 2266 433 2301 unum
443 2249 504 2303 fore
515 2253 652 2315 omnibus,
664 2270 782 2321 eumque
793 2255 974 2312 moderatum

162 2331 246 2390 atque
258 2326 430 2373 constantem
442 2338 493 2373 nec
509 2322 545 2373 ab
556 2323 614 2380 ullo
630 2324 818 2377 imminutum:
843 2325 913 2374 satis
926 2341 975 2375 au·

160 2400 228 2453 tom,
246 2399 275 2442 ot
286 2391 364 2456 quasi
376 2394 482 2456 sparsis
494 2393 606 2454 animis,
624 2393 695 2455 fore,
711 2394 755 2446 uti
766 2395 851 2445 certis
862 2401 972 2462 ternpo-

159 2476 220 2510 rum
233 2461 391 2511 intervallis
408 2462 531 2512 oriretur
541 2462 660 2524 animal,
679 2463 754 2529 quod
771 2471 847 2516 esset
864 2464 900 2516 ad
914 2466 972 2516 eul-

159 2535 218 2578 tum
235 2528 359 2580 Deorum
377 2530 562 2593 aptissimum.
598 2531 653 2586 See
671 2548 754 2599 quern
770 2534 874 2599 tluplox
894 2541 972 2586 esset

97 2638 102 2641 ,
148 2603 259 2646 natura
269 2596 378 2662 gesseris
389 2597 514 2660 humaui,
529 2601 571 2651 sic
581 2618 611 2653 se
622 2618 667 2653 res
679 2601 827 2662 habebant,
845 2610 877 2651 ut
889 2619 971 2668 prae·

158 2665 284 2740 stantius¹
293 2680 380 2732 genus
396 2674 471 2722 esset
485 2683 597 2738 eorum,
619 2675 667 2744 qai
683 2680 777 2727 essent
795 2672 887 2726 taturi
903 2673 959 2726 riri
