2084 3025
157 111 164 122 ,
255 61 653 120 .a1a.1.coe.so.o1.
700 29 718 43 ”
830 61 866 121 oo

64 168 160 234 quinus
172 181 190 218 a
200 166 282 217 nobis
292 168 480 220 nominantur.
505 168 551 220 84.
561 169 597 220 At
606 169 726 235 primum
738 174 806 238 quot
817 168 867 222 ho·

63 237 297 302 usinumiingnaa
317 241 361 288 tot
371 238 484 288 numina
493 238 627 290 Deorum.
663 239 727 291 Non
738 241 821 302 enim,
837 247 868 294 m

64 314 91 356 tu
102 306 241 366 Velleius,
264 320 435 373 quocumque
453 308 575 368 veneris,
597 308 638 370 sia
652 308 726 361 idam
742 309 870 362 initalia

65 374 214 435 Vaicanus,
223 374 298 446 idem
308 375 336 424 in
345 373 448 437 Ain-ion,
456 375 530 427 idem
542 377 570 427 in
581 371 727 444 Hispania.
761 378 869 430 Deinde

65 446 206 497 nominum
216 458 272 495 non
281 460 398 512 magnus
407 460 547 509 numerus,
565 461 599 497 ne
609 448 637 497 in
650 447 801 513 pontificiis
812 448 869 514 qui·

66 513 125 567 dem
135 513 254 565 nostris:
266 513 388 565 Deorum
400 516 722 568 auteminuumembiiis.
758 518 798 567 An
809 518 870 568 sine

66 584 219 636 nominibus
229 583 311 634 suuti
325 583 402 634 istud
414 583 524 654 quidem
534 585 577 635 ita
586 586 665 636 vobis
676 586 766 638 dicere
777 601 869 637 neces·

52 667 96 705 -se
105 659 157 703 est.
176 651 252 714 Quid
263 653 338 704 enim
348 653 462 716 attinet,
473 668 556 721 quum
565 670 621 706 una
632 655 719 706 furies
730 656 775 714 sit,
787 655 870 721 plura

67 737 127 775 asse
140 721 273 773 nominat
290 722 380 783 Quam
400 723 504 773 beilum
522 729 595 785 erat,
617 723 724 788 Vellei,
743 722 870 775 eruniiteri

68 792 167 861 potius,
177 790 295 853 nescire,
310 792 384 858 quod
395 794 525 852 nescires,
537 809 617 859 quam
629 794 686 845 ista
697 792 870 845 effutientem

66 876 210 922 nauseare,
222 867 306 927 atque
317 863 407 928 ipsum
420 861 488 913 tihi*
499 862 665 928 displiceret
676 863 718 913 tin
728 868 759 912 tu
770 863 824 913 mei
834 862 870 911 si·

65 931 160 982 milem
169 937 257 996 putas
265 945 334 993 esse,
345 938 395 982 aut
405 932 449 982 tui
458 931 547 982 Deum
555 932 565 981 'i
576 931 706 984 Profecto
717 947 770 981 non
779 939 868 996 putas.

67 999 157 1060 Quint
176 1010 248 1066 argo
263 1000 350 1052 seiam
366 1001 472 1063 uiuam,
493 1007 542 1052 out
555 1001 661 1062 lunam,
682 1008 731 1051 aut
753 1000 869 1058 coelum,

66 1068 166 1121 daunai
186 1069 264 1136 Ergo
275 1071 360 1121 otiam
377 1068 506 1121 beatum!
527 1070 634 1131 Quibus
645 1070 781 1121 fluentem
793 1068 871 1119 roi'u·

64 1139 260 1208 pontibusiiit
271 1140 441 1207 sapientemi
454 1139 508 1200 Quo
517 1147 610 1206 potest
621 1156 681 1191 esse
692 1141 720 1190 in
733 1136 871 1190 eiusmodi

64 1217 165 1259 trunco
176 1208 330 1275 sapientiai
340 1211 521 1261 Haebrestra
532 1217 604 1261 sunt.
628 1208 669 1261 85.
682 1209 711 1260 si
722 1210 811 1275 igitur
822 1213 872 1256 nec

64 1278 189 1330 humano
201 1279 274 1338 visu,
295 1279 367 1346 quod
378 1279 473 1341 donui3
489 1295 540 1330 nec
551 1280 607 1330 aiio
619 1280 720 1346 aliquo,
737 1276 809 1345 quod
820 1275 872 1326 tibi

64 1361 231 1415 persuasum
243 1354 298 1399 esti
309 1348 376 1416 quid
388 1348 501 1399 dubitas
510 1364 621 1416 negare,
631 1349 707 1399 Deos
717 1347 796 1398 esaei
809 1345 872 1396 Non

64 1417 161 1469 audes.
199 1416 347 1483 Sapienter
358 1418 387 1468 id
397 1418 517 1484 quidem.
547 1415 872 1481 iitsihocloeonoupo-
964 1429 969 1442 ·

63 1486 166 1555 quium
176 1487 353 1549 metuiqsed
362 1488 437 1555 ipsus
450 1487 536 1539 Deus.
572 1487 646 1538 Novi
656 1501 708 1553 ego
719 1486 872 1552 Epicureus

65 1558 163 1610 omnia
173 1556 269 1624 sigilla
280 1565 468 1609 numerantes:
490 1571 656 1624 quamquam
667 1556 748 1607 uideo
759 1553 872 1604 nonnui·

63 1627 104 1679 lis
112 1626 217 1687 rideri,
228 1627 430 1693 somniumne
441 1629 469 1677 in
476 1626 657 1680 offensionem
664 1623 871 1675 Atheniensium

66 1695 193 1757 caderet,
204 1696 296 1747 verbis
306 1698 453 1763 reliquisse
463 1696 548 1758 Deos,
560 1710 590 1747 re
602 1694 757 1746 sustulisse.
776 1693 872 1759 itaquo

63 1766 168 1818 insiliis
179 1766 292 1818 selectis
303 1767 362 1818 eius
373 1766 559 1833 brevibusque
570 1765 726 1826 sententiis,
747 1779 815 1831 quas
827 1776 873 1827 ap·

64 1836 184 1903 pellatis
194 1838 284 1903 κυρίας
294 1834 380 1896 δόξας,
392 1836 469 1897 haec,
481 1842 512 1886 ut
518 1837 626 1902 opinor,
636 1833 873 1901 primasententio

63 1913 122 1957 estz
145 1904 227 1969 thd
236 1904 343 1956 beatum
353 1914 380 1957 et
388 1906 542 1958 immortale
552 1916 600 1968 est,
620 1905 705 1958 idnec
716 1904 806 1966 iubet,
825 1917 873 1954 nec

63 1974 178 2028 eximet
191 1972 317 2038 cuiquam
332 1976 479 2044 negotium.
506 1966 616 2028 xxxi.
633 1975 664 2025 in
677 1973 780 2027 hoeita
790 1986 873 2037 expo-

63 2044 123 2096 sita
133 2044 286 2105 sententia,
306 2051 371 2094 sunt
381 2046 425 2111 qui
435 2044 605 2106 existiment,
621 2044 694 2112 quod
703 2044 752 2094 ilie
763 2042 875 2093 institia

64 2115 151 2183 piane
162 2112 295 2183 loquendi
306 2113 413 2176 feeerit,
425 2114 527 2165 iecisse
538 2113 674 2164 consulto.
710 2113 752 2163 De
765 2111 874 2162 hominu

62 2185 184 2237 minime
193 2183 274 2234 miro
284 2184 357 2235 maie
368 2185 538 2236 existimant.
556 2182 599 2234 86.
609 2180 729 2232 Dubium
740 2188 783 2232 est
795 2182 875 2238 enim,

61 2263 163 2307 utrum
184 2253 261 2304 dieat
275 2253 382 2320 aliquid
403 2267 463 2304 esse
478 2251 808 2311 beatum'etimmortuIe,
831 2265 875 2309 an,

12 2328 14 2365 ἱ
60 2326 89 2378 si
100 2323 181 2392 quod
192 2324 238 2385 sit,
245 2323 276 2372 id
288 2336 350 2374 esse
362 2322 553 2389 [immor]taie.
572 2319 634 2371 Non
641 2320 875 2376 animadvertunt,

12 2408 14 2429 ³
64 2396 193 2448 hiesum
204 2392 334 2459 ambigue
343 2392 466 2442 locutum
479 2404 554 2442 esse:
566 2389 615 2440 sed
625 2390 722 2440 multis
729 2387 876 2443 aliislueis,

62 2465 192 2521 atilium
203 2469 231 2513 et
240 2461 436 2514 Metrodorum
445 2466 505 2511 tom
517 2465 622 2527 operte,
633 2473 714 2525 quam
724 2454 820 2522 purilio
833 2469 878 2500 zan·

61 2541 143 2586 ta-te.
172 2533 225 2584 ilie
236 2546 303 2584 vero
314 2531 390 2581 Deos
400 2546 462 2581 esse
473 2535 566 2596 putat:
578 2544 630 2579 nec
642 2536 805 2593 quemquam
816 2521 880 2576 iidi,

62 2605 112 2673 qui
135 2604 232 2668 magis
251 2616 294 2663 ea,
317 2614 387 2668 quae
403 2599 529 2651 timenda
543 2608 604 2650 esse
619 2599 745 2659 negaret,
760 2590 881 2638 timeret.

12 2702 14 2715 ‹
98 2675 165 2726 Cic.
179 2673 229 2724 0r.
241 2672 289 2722 lX.
327 2676 329 2681 ’
653 2664 675 2712 0
