2084 3025
284 131 560 187 consumtus
578 133 663 188 CAP.
682 131 743 188 3.4.
811 172 812 175 =
882 134 918 193 ⁹3

108 234 391 293 duobushominibus
402 236 444 289 itu
453 237 633 291 nobilissimis
645 240 768 306 petebat,
783 245 816 291 ut
825 243 919 294 tomen

111 308 142 361 in
152 309 188 359 iis
198 308 390 374 omniaplunis
401 314 501 370 essent,
517 324 600 375 quem
612 310 673 376 ipsu
681 309 829 362 nobilitas:
846 326 918 363 sum-

111 393 160 430 nia
169 378 291 445 ingonia,
304 374 427 429 suntnius
438 377 539 444 pudor,
559 379 677 445 plurimu
686 380 830 444 beneficia,
846 395 918 431 sum·

45 456 49 463 ‘
110 448 243 500 manatio
256 463 289 499 ao
303 446 452 514 diligentia
461 448 584 515 petendi.
620 450 726 502 Tamen
739 466 835 503 eorum
850 450 918 503 alte·

110 532 175 570 rum
185 517 309 581 Caelius,
324 518 412 569 etiem
423 532 505 584 quum
520 519 609 569 multo
622 526 696 570 esset
707 518 826 572 inferior
837 535 919 589 gene·

110 603 153 650 ret
171 587 298 654 superior
309 588 386 638 nulls
397 602 436 649 re,
453 602 541 654 poene
553 590 702 655 superavit.
740 590 832 651 Quare
844 590 869 640 si
879 589 919 641 fu·

110 657 170 711 cies
181 671 228 720 ea,
248 671 319 724 quae
338 656 392 708 tibi
405 663 506 713 natura
521 665 550 710 et
565 659 672 721 studia,
693 660 792 726 quibus
809 674 919 726 sempor

110 742 179 779 usus
189 741 228 790 es,
237 727 405 793 largiuntur,
417 742 487 794 quae
497 728 632 794 temporis
638 729 760 781 tuiratio
767 728 918 791 desiderat,

109 812 186 865 quae
193 802 292 863 potes,
314 813 385 864 quoe
396 797 494 863 debes3
516 798 638 850 nouerit
650 798 765 850 difficile
776 804 919 852 certamen

109 882 176 921 oum
186 866 221 917 iis
232 867 470 937 competitoribus,
486 869 535 935 qui
544 883 717 936 nequequam
728 875 794 920 sunt
804 875 862 920 tam
872 884 918 936 ge·

94 951 179 1003 <nere
189 937 322 1005 insignes,
337 937 508 1005 quamvitiis
520 938 636 990 nobiles.
674 939 745 1000 Quis
755 938 829 991 enim
841 954 918 1004 repe·

106 1008 162 1059 riri
173 1013 268 1074 potest
277 1013 335 1058 tem
344 1009 490 1075 improbus
501 1008 580 1071 civis,
591 1009 638 1076 qui
648 1007 923 1077 velitunosuffrogio'

110 1075 183 1129 duas
194 1079 223 1128 in
233 1077 435 1146 rempublicam
443 1078 516 1131 sices
530 1079 718 1149 destringere?

161 1144 212 1200 lV.
232 1148 377 1211 Quoniam,
398 1163 470 1215 quae
481 1148 608 1202 subsidio
618 1150 752 1205 novitatis
763 1147 879 1203 haberes
890 1155 920 1200 ot

109 1215 214 1287 bubone
225 1232 330 1284 posses,
341 1219 470 1286 exposui:
480 1236 553 1272 nune
564 1220 598 1273 de
610 1219 921 1288 maginitudinepetitio·

76 1346 78 1353 s
108 1288 154 1340 nis
165 1287 312 1341 dicendum
321 1288 443 1343 videtur.
469 1290 653 1349 Consulatum
663 1291 749 1358 petis:
766 1305 820 1359 quo
833 1286 920 1340 bono·

5 1346 6 1349 ¹
64 1369 74 1386 ‘
106 1373 143 1423 ,ro
157 1372 239 1410 nemo
255 1364 312 1422 ost,
331 1358 438 1426 quinte
453 1360 567 1427 dignum
577 1360 746 1424 arbitram-3
767 1359 817 1412 sed
827 1358 920 1421 multi,

5 1500 6 1509 ἵ
66 1455 72 1459 >
110 1428 161 1497 qui
181 1427 333 1483 invideant.
369 1429 448 1482 Petis
469 1431 543 1482 enim
563 1429 646 1483 bomo
667 1446 702 1484 ex
716 1429 838 1496 equestri
854 1429 923 1482 loeo

107 1510 249 1552 summum
259 1500 352 1554 locum
362 1499 486 1553 civitatis
493 1519 500 1566 3
512 1507 595 1569 utque
607 1501 648 1553 ita
658 1516 803 1564 summum,
812 1497 919 1570 utforti

106 1569 181 1631 uiro,
203 1569 317 1638 diserto,
337 1571 491 1636 innocenti,
512 1572 601 1623 multo
613 1571 661 1623 ille
672 1572 745 1624 idem
755 1569 844 1622 bonos
855 1570 918 1637 plus

110 1640 315 1706 amplitudinis,
327 1656 410 1708 quum
419 1641 521 1694 ceteris
534 1640 642 1693 efferat.
662 1641 731 1693 Noli
742 1646 848 1707 putare,
861 1655 918 1703 eos,

109 1709 160 1777 qui
170 1721 235 1766 sunt
244 1726 278 1764 eo
288 1709 396 1765 bonore
407 1712 460 1774 usi,
471 1727 527 1765 non
539 1710 643 1775 videre,
654 1718 685 1763 tu
697 1726 780 1778 quum
792 1710 866 1761 idem
878 1710 917 1761 sis

108 1779 239 1848 adeptus,
256 1781 327 1851 quid
347 1781 497 1850 dignitatis
518 1781 665 1833 habiturus
681 1782 729 1833 sis.
764 1781 824 1832 Eos
840 1795 917 1843 voro,

106 1851 169 1918 qui,
178 1851 378 1903 consularibus
388 1851 503 1905 familiis
514 1853 584 1914 nati,
600 1852 693 1903 locum
704 1851 841 1910 maiorum
854 1865 918 1902 eon·

106 1922 200 1976 secuti
211 1936 266 1973 non
276 1927 348 1985 sunt,
368 1923 500 1991 suspicor,
521 1923 584 1985 tibi,
605 1923 660 1974 nisi
670 1924 718 1989 qui
727 1921 877 1975 admodum
888 1925 918 1975 te

106 1997 222 2049 emant,
241 1991 375 2045 invidens.
411 1994 505 2044 Etiam
517 2007 604 2044 nonos
615 1991 741 2045 hominos
751 1990 916 2044 Praetorius

106 2060 251 2123 existimo,
266 2062 320 2113 nisi
331 2062 378 2129 qui
387 2069 437 2114 tuo
448 2063 585 2115 beneficio
596 2062 681 2116 vincti
690 2068 763 2124 sunt,
779 2061 854 2113 nolle
866 2061 916 2112 abs

107 2138 139 2183 te
151 2146 182 2182 se
192 2129 298 2184 bonore
308 2133 444 2199 superari.
467 2134 525 2184 lam
536 2133 566 2183 in
577 2132 680 2199 populo
692 2147 773 2201 quam
784 2130 866 2182 multi
877 2130 917 2180 in·

105 2200 168 2264 {vidi
179 2202 250 2264 sint,
270 2216 352 2268 quem
367 2203 450 2255 multi
462 2202 661 2255 consuetudine
672 2200 770 2254 borum
781 2213 916 2252 annorum

107 2271 148 2325 ab
158 2269 318 2325 bominibus
329 2273 409 2325 novis
425 2274 557 2336 alienati,
576 2273 670 2336 venire
683 2272 734 2325 tibi
749 2272 778 2322 in
793 2274 916 2322 mentem

110 2348 189 2394 eerto
204 2342 272 2395 seio.
308 2343 378 2396 Esse
394 2344 479 2395 etiam
495 2344 645 2396 nonnullos
658 2342 711 2393 tibi
725 2342 814 2392 iratos
828 2354 863 2391 ex
880 2338 926 2389 iisv

104 2412 227 2475 >caussis
243 2428 311 2479 quos
321 2413 414 2479 egisti,
433 2429 546 2467 neeesse
556 2419 607 2466 est.
644 2412 702 2463 lam
712 2408 851 2460 illudtute
863 2407 916 2459 eir·

104 2482 286 2549 'cumspicitn
302 2484 376 2551 quod
387 2484 422 2535 ad
434 2486 482 2536 Cn.
494 2482 622 2550 Pompeii
632 2480 750 2547 glorium
760 2476 916 2543 ungendam
950 2521 953 2530 l

102 2558 192 2606 ¹tanto
207 2552 302 2604 studio
312 2558 340 2606 te
355 2553 472 2613 dedisti,
483 2567 557 2603 ‚num
573 2566 642 2618 quos
653 2550 705 2601 tibi
716 2554 796 2616 putes
808 2549 916 2600 obeam
992 2597 996 2598 ⁷

105 2637 308 2675 -eeussamesse
317 2622 431 2676 amicos.
449 2622 635 2690 Quamobrem
647 2636 729 2687 quum
742 2624 771 2670 et
780 2632 916 2669 summum

111 2694 207 2748 locum
217 2693 341 2749 civitatis
349 2699 439 2764 petus,
451 2698 479 2746 et
489 2691 587 2746 videas
598 2701 659 2746 essu
668 2687 769 2762 studio,
781 2701 852 2758 quae
864 2686 917 2740 tibi
