2084 3025
255 166 334 221 LlB.
352 168 390 222 ΙΙ.
426 168 511 224 (ΞΑΡ.
531 168 633 225 1415.
800 169 852 225 435

32 288 113 343 quae
123 271 241 324 valeant
251 270 288 324 ad
301 273 421 341 glorium
436 260 656 342 adipiscendam,
677 272 808 341 deinceps
818 273 853 327 (is

33 342 235 413 beleefleientie
247 357 281 394 ae
290 343 332 396 ‘de
346 343 513 398 liberalitate
525 345 670 398 dicendum
681 353 732 398 est.
769 345 854 396 Cuius

35 423 83 468 est
94 416 176 466 ratio
186 412 297 480 duplex.
325 413 396 466 Nam
408 421 457 467 out
468 431 551 484 opera
560 417 678 484 benigne
688 416 720 466 lit
729 413 854 484 indigen·

34 486 128 546 tibus,
152 484 352 552 autpeennin..
373 485 498 537 Facilior
509 493 552 538 est
563 484 635 538 haec
645 486 794 554 posterior,
814 485 854 535 lo·

36 555 152 623 enpieti
169 554 346 621 praesertim:
367 555 484 608 sedilia
501 555 608 608 lautior
625 571 658 606 ue
673 553 854 622 splendidior,

35 633 68 678 et
83 625 153 675 viro
170 623 239 675 forti
253 625 384 693 claroque
400 625 518 694 dignior.
555 626 728 691 Quamquam
740 624 812 676 enim
824 623 854 674 in

35 702 167 760 utroque
177 694 251 746 inest
265 696 442 763 gratificandi
458 696 585 748 liberalis
596 694 740 756 voluntas,
760 699 855 745 tamen

36 766 139 817 altera
148 778 187 816 ex
198 779 276 826 mea,
299 764 435 818 alteraex
450 766 556 818 virtute
567 764 751 831 depromiturr
772 762 856 828 largi·

35 836 158 901 titique,
178 848 251 900 quae
262 834 294 886 lit
305 849 339 890 ex
351 851 382 888 re
393 834 542 898 familiari,
561 834 668 886 fontem
678 835 769 901 ipsum
780 831 856 884 beni·

37 904 167 973 gnitatis
178 901 317 956 exhaurit.
353 905 398 957 lta
411 906 588 973 benignitate
601 903 762 971 benignitas
780 900 857 952 tolli·
940 925 949 936 -

36 982 104 1026 tur:
128 987 188 1040 qua
198 988 252 1041 quo
268 974 296 1025 iu
308 974 402 1041 plurea
412 991 479 1026 usus
489 976 542 1038 sis,
563 989 596 1027 eo
609 975 700 1025 miuus
714 974 742 1024 in
752 972 857 1022 multos

37 1045 86 1095 uti
97 1042 202 1109 possis.
239 1041 283 1097 53.
301 1045 393 1112 Atqui
405 1059 500 1112 opera,
519 1044 549 1096 id
559 1051 612 1107 est,
624 1045 728 1096 virtute
738 1049 767 1095 et
777 1041 858 1093 indu·

39 1115 127 1175 stria,
136 1112 258 1164 benefici
268 1120 297 1165 et
307 1114 439 1167 liberales
449 1122 545 1178 erunt,
566 1116 694 1182 primum,
706 1128 760 1183 quo
772 1107 859 1180 pluri·

38 1184 98 1235 bus
108 1179 284 1248 profuerint,
303 1197 338 1234 eo
348 1185 443 1249 plures
453 1185 488 1237 ad
504 1185 623 1252 benigue
640 1183 798 1236 faciendum
810 1180 858 1233 ad·

38 1254 157 1306 iutores
174 1248 327 1303 habebunt:
338 1252 451 1307 ⁴deinde
472 1254 673 1307 consuetudine
693 1252 858 1305 beneficien-

38 1324 104 1377 tiae
114 1321 277 1389 paratiores
289 1329 384 1383 erunt,
405 1329 433 1374 et
444 1330 586 1391 tamquam
599 1324 811 1375 exercitatiores
822 1319 860 1371 ud

39 1394 121 1447 irene
137 1389 175 1443 de
189 1390 286 1442 multis
307 1393 531 1456 promerendum.
566 1393 715 1445 Praeclare
737 1390 859 1459 epistola
949 1431 955 1446 .

41 1460 173 1534 quadam
183 1460 372 1514 Alexandrum
382 1460 470 1517 illium
480 1462 625 1532 Philippus
637 1469 763 1526 accusat,
785 1457 860 1528 quod

39 1533 204 1602 largitione
223 1532 447 1586 benevolentiam
468 1533 652 1587 Macedonum
673 1536 860 1584 consectetur.

45 1603 178 1671 Quaere,
194 1603 303 1664 malum,
311 1601 417 1670 inquit,
433 1603 509 1656 ratio
519 1604 549 1657 in
560 1603 643 1655 irtam
654 1618 727 1670 rpem
739 1600 861 1663 inluxit,

41 1684 81 1729 art
91 1689 141 1726 eet
152 1672 203 1725 tibi
211 1673 310 1743 flieler
322 1683 438 1741 putarer
449 1674 531 1747 sore,
553 1688 619 1742 quor
630 1672 750 1742 pecnnia
766 1687 861 1723 corru-

39 1744 156 1817 pissent
186 1743 229 1796 An
242 1753 274 1795 tu
290 1742 321 1795 id
335 1743 410 1814 agir,
431 1754 464 1797 at
475 1743 638 1798 Macedones
650 1761 703 1797 non
719 1739 798 1795 telle
819 1757 860 1794 ent

43 1830 144 1877 mort,
166 1815 214 1866 red
230 1813 385 1867 ministrum
401 1823 428 1867 et
446 1815 632 1884 praebitorem
648 1823 757 1883 sperent
797 1813 862 1865 orel

43 1885 130 1938 Beue
139 1883 297 1936 ministram
312 1894 338 1937 et
352 1885 537 1953 praebitorem
544 1902 556 1947 ‚·
577 1885 641 1953 quia
653 1882 797 1936 sordidum
809 1882 861 1936 Re·

46 1956 91 2024 gi:
108 1954 213 2006 arelius
229 1954 329 2016 eliani,
350 1954 424 2021 quod
438 1955 615 2027 largitionem
627 1956 809 2023 corruptelam
820 1951 861 2004 ‹li-

45 2026 95 2079 xit
108 2039 181 2078 esse.
217 2024 266 2076 Fit
281 2024 354 2076 enim
368 2020 505 2089 delerior,
527 2027 576 2093 qui
592 2027 707 2094 accipit,
729 2031 813 2096 atque
825 2022 860 2074 ad
898 2070 903 2075 ,

46 2096 129 2148 idem
145 2109 256 2161 semper
274 2096 490 2162 exspectandum
508 2096 654 2164 paration'
677 2094 719 2148 54.
738 2092 862 2147 Hocille
948 2088 950 2090 ’

31 2166 126 2232 lilio:
158 2164 209 2216 sed
233 2170 417 2235 praeceptum
436 2173 566 2233 putemus
587 2166 723 2218 omnibus.
760 2167 862 2228 Quam·

49 2238 150 2289 obrem
161 2234 190 2285 id
203 2234 313 2303 quidem
323 2248 378 2286 non
386 2236 501 2289 dubium
516 2244 572 2300 est,
592 2237 657 2303 quin
671 2236 723 2288 illa
736 2232 863 2300 benigni·

48 2312 107 2369 tas,
127 2320 201 2373 quae
212 2310 322 2357 constet
332 2321 368 2358 ex
378 2307 657 2375 operaetiniustn'a,
678 2312 707 2359 et
716 2303 862 2357 honestior

49 2377 88 2428 sit
99 2381 131 2428 et
141 2374 230 2428 latius
241 2380 337 2449 pateat
347 2382 379 2428 et
387 2377 475 2443 possit
484 2376 617 2443 prodesse
626 2377 762 2442 pluribus.
788 2372 863 2422 Non·

50 2460 207 2514 numquam
219 2451 313 2498 tamen
324 2453 368 2498 est
379 2447 561 2516 largientium,
582 2461 632 2497 nee
643 2445 697 2497 boc
706 2439 864 2505 benignita·

49 2512 191 2584 tiegerus
203 2517 317 2567 omnino
328 2516 528 2581 repudiandum
540 2521 596 2579 est,
619 2522 647 2566 et
657 2526 740 2576 saepe
755 2507 865 2558 idoneis
944 2540 946 2543 v

50 2584 214 2638 bominibus
235 2584 427 2653 indigentibus
444 2587 479 2639 de
498 2602 529 2638 re
551 2583 684 2637 familiari
705 2576 865 2642 impertien-

52 2656 136 2720 dum3
158 2656 208 2707 sed
226 2654 375 2723 diligenter
396 2664 480 2724 atque
499 2654 654 2708 moderate.
689 2646 776 2699 Multi
792 2646 865 2694 enim

51 2726 228 2795 patrimonia
242 2725 401 2781 effuderunt
420 2714 756 2843 inconsultoElrgrgieudo.
794 2713 868 2776 Quid
