2084 3025
174 117 210 169 m
314 102 319 125 ³
437 110 818 175 rauaooxu’·⁴

127 264 133 269 .
175 234 246 343 puae
261 217 354 269 verbis
364 182 512 282 subtilius,
532 233 615 287 quam
631 218 700 271 satis
712 221 768 279 est,
788 213 928 281 disputari
939 211 980 265 ri·

194 294 282 340 entur.
319 287 430 348 Quaero
452 290 526 340 enim
547 305 564 339 a
579 289 671 350 vobis,
691 302 756 338 nom
775 285 863 336 ullam
876 285 979 351 cogita·

174 359 280 409 tionem
300 355 432 410 habuisse
454 358 601 413 videantur
621 360 651 421 ii,
674 359 722 424 qui
739 355 811 407 banc
832 353 982 421 ronrpubli·

175 443 235 480 cam
248 433 306 478 tani
317 427 460 493 praeclare
472 429 617 480 fundatam
628 429 709 479 nobis
723 428 913 494 reliquerunt,
934 428 982 474 aut

175 498 286 563 argenti
300 497 336 548 ad
353 499 512 560 arvaritiam,
534 505 583 550 aut
597 498 799 549 amoenitatum
816 495 852 547 ad
863 493 993 545 delectae

167 568 301 635 tionem,
316 573 366 618 aut
378 568 562 637 supellectilis
578 569 614 619 ad
624 569 754 632 delicias,
777 572 825 618 aut
837 565 983 631 epularum

176 636 213 691 ad
227 636 404 704 voluptatesi
417 634 468 690 -11.
483 638 584 690 Ponite
599 644 663 690 ante
681 639 777 689 oculos
791 651 876 687 uuum
889 646 984 700 quem·

175 723 229 775 que
239 707 356 774 Regum.
392 706 485 758 Vultis
502 724 519 759 a
530 708 670 759 Romulei
685 707 771 758 vultis
787 713 851 772 post
863 705 983 756 liberam

177 777 330 840 civitatem,
343 777 376 828 ab
388 777 424 826 iis
434 778 511 844 ipsis,
526 779 575 845 qui
585 778 773 830 liberaverunt
784 776 863 828 cami
874 772 982 836 Quibus

175 846 289 899 taudem
300 846 434 914 gradibus
445 848 581 898 Romulus
596 847 778 899 adscenditiu
788 843 914 897 caelumi
935 842 983 894 iis·

175 933 224 978 ne,
247 932 316 985 quac
326 916 376 967 isti
386 917 459 969 bona
478 917 638 984 appellanti
659 934 694 968 an
705 917 788 969 rebus
799 915 887 982 gestis
898 919 986 983 atque

176 985 345 1038 virtutibusl
357 986 446 1047 ouidi
457 1003 474 1038 a
483 986 738 1054 NuuraPompilioi
749 986 875 1036 minusne
885 990 986 1052 gratas

176 1055 238 1108 Diis
249 1054 456 1106 immortalibus
468 1057 617 1122 capedines
629 1072 661 1107 ac
675 1055 779 1107 fictiles
789 1055 904 1105 urnulas
917 1051 988 1103 iuis-
1016 1089 1021 1097 .

178 1123 439 1190 se,quau1filioatas
451 1124 569 1179 aliorum
582 1124 884 1193 paterasarbitramuri
898 1121 988 1173 Omit·

139 1245 147 1256 ,
176 1201 208 1246 to
219 1194 357 1260 reliquos:
373 1200 439 1245 sunt
450 1196 525 1261 enim
537 1211 632 1247 omnes
643 1211 724 1263 pares
735 1195 810 1245 intcr
819 1208 859 1255 se,
871 1196 988 1260 praeter

177 1262 342 1330 Superbum.
379 1261 421 1315 12.
437 1264 556 1317 Brutum
568 1266 592 1317 si
603 1265 664 1333 quis
675 1270 765 1331 roget,
779 1263 844 1330 qnid
858 1260 988 1328 egeritin

177 1335 273 1403 patria
282 1332 439 1385 liberanda:
461 1335 558 1401 siquis
569 1337 637 1386 item
648 1335 772 1401 reliquos
783 1332 912 1384 eiusdem
924 1346 988 1383 con·

179 1404 349 1465 anisceias,
369 1403 435 1472 quid
447 1405 643 1471 spectaverint,
659 1404 725 1471 quid
735 1402 826 1454 secuti
836 1401 906 1452 sint:
922 1416 988 1455 uum

179 1475 240 1542 quis
252 1474 377 1535 exsistet,
395 1473 440 1524 cui
450 1474 590 1541 voluptas,
606 1476 651 1526 coi
661 1474 786 1535 divitiae,
801 1472 846 1524 cui
857 1471 989 1539 denique,

178 1550 292 1613 praeter
302 1542 423 1596 officium
435 1542 518 1595 fortis
529 1551 558 1596 ct
568 1539 662 1611 magni
669 1544 731 1607 riri,
748 1541 899 1618 quidquam
910 1540 990 1593 aliud

178 1612 454 1683 propositum‘suisse
464 1614 612 1680 videatur?
623 1617 701 1677 Quae
712 1628 757 1665 res
768 1612 804 1664 od
813 1628 911 1684 necem
921 1611 991 1663 Por·

106 1691 110 1694 '
179 1698 281 1737 seunae
292 1685 321 1735 C.
332 1681 456 1734 Mucium
466 1683 588 1750 impulit,
598 1685 658 1735 sine
669 1683 730 1734 ulla
741 1680 992 1750 spesalutissuaei

179 1754 257 1816 Quae
269 1753 311 1802 vis
323 1752 458 1805 Coclitem
475 1759 575 1805 contra
590 1768 685 1805 omnes
700 1751 822 1804 hostiurn
839 1752 938 1818 copias
948 1758 992 1804 te·

166 1823 241 1874 'nuit
261 1822 290 1872 in
309 1829 395 1888 ponte
414 1822 523 1873 solumi
545 1838 616 1889 quae
635 1828 744 1905 patrem
765 1822 896 1892 Decium,
917 1836 992 1889 quae

127 1926 128 1930 =
179 1892 269 1943 lilium
288 1891 433 1943 devotavit
446 1898 531 1959 atque
546 1892 664 1956 immisit
683 1894 712 1943 in
726 1897 849 1946 muratas
865 1889 993 1943 hostium
1037 1897 1038 1904 ’

180 1960 293 2028 copiosi
315 1961 388 2023 Quid
400 1962 616 2028 coritino‘ntiapc,
629 1961 765 2024 Fabricii,
785 1960 852 2028 quid
866 1961 994 2014 tenuitas

182 2032 271 2083 rictus
282 2029 321 2080 M’
334 2031 411 2082 Curii
420 2031 609 2103 sequebaturi
626 2031 701 2093 Quid
712 2031 766 2082 duo
777 2030 994 2098 propugnacula

178 2101 248 2156 belli
257 2099 369 2162 Punici,
393 2102 441 2153 Cn.
452 2108 481 2154 et
490 2101 521 2153 P.
532 2100 692 2167 Scipiones,
715 2099 994 2168 quiKartbaginien·
1036 2108 1038 2114 ’

179 2172 252 2224 sium
269 2170 417 2222 adventum
433 2172 599 2239 corporibus
613 2172 671 2222 suis
687 2169 933 2223 intercludendum
943 2186 994 2237 pu-

179 2238 327 2293 taveruuti
348 2239 415 2307 quid
424 2239 573 2293 Africanus
583 2240 692 2294 maiori
713 2239 781 2307 quid
789 2239 901 2300 minori
922 2237 994 2307 quid

178 2312 253 2364 iuter
269 2307 367 2360 borum
383 2316 490 2374 aetates
503 2310 667 2363 interiectus
679 2309 769 2362 Cotoi
787 2310 855 2378 quid
865 2309 995 2362 innume·

179 2379 284 2432 nabiles
300 2378 369 2431 allii·
389 2394 453 2446 nam
469 2379 629 2432 domesticis
647 2379 782 2446 oxenrplis
798 2381 993 2432 abundamus:

180 2450 319 2516 cogitasse
338 2455 474 2515 putamus,
495 2449 647 2519 quidquam
664 2449 694 2500 in
708 2450 769 2502 vita
785 2449 842 2503 sibi
857 2455 996 2518 expeten-

180 2516 258 2580 dum,
276 2518 331 2568 nisi
341 2518 415 2584 quod
424 2517 673 2589 laudabile[esse‚]
683 2523 712 2571 et
723 2520 903 2585 praeclarum
913 2517 996 2572 ride·

153 2616 157 2619 >
178 2586 275 2640 returi
291 2588 338 2644 ΙΙΙ.
350 2585 392 2640 13.
402 2587 528 2664 Veniant
534 2590 623 2656 igitur
633 2590 684 2640 isti
693 2588 822 2640 irrisores
833 2586 919 2641 huius
930 2602 997 2641 ora·

178 2653 274 2722 tionis
288 2671 321 2710 oc
330 2657 500 2711 sententiosa
517 2665 545 2712 et
555 2659 612 2715 iam
623 2658 670 2714 rel
678 2657 733 2728 ipsi
743 2656 876 2722 iudicent,
895 2664 996 2716 utrum
