2084 3025
193 86 259 175 128¹
369 115 426 170 os
444 113 615 170 Narona
632 115 814 170 osorum

191 225 244 276 bus
253 221 422 277 Stoicorum,
458 220 487 273 Si
498 222 571 273 enim
581 236 630 273 ros
641 237 750 286 sequar,
771 222 826 284 dic,
840 220 914 289 quid
923 221 957 275 ei
967 240 1019 280 rs-

115 294 134 328 ὐ
192 293 353 359 spondeam,
364 291 412 357 qui
418 291 610 358 mesicroget3
621 290 786 352 SiDiisunt,
798 299 901 343 suntne
913 295 1017 346 etiam

195 360 341 430 Nymphae
351 360 444 412 Deael
465 361 489 410 si
503 358 663 427 Nymphae,
678 359 789 411 Panisci
799 361 896 423 etiam,
914 370 948 413 et
961 364 1018 416 Sa.

119 467 122 473 -
194 431 267 499 tyri?
285 431 324 481 Hi
335 436 430 482 autem
439 444 493 481 non
504 436 582 482 sunt:
594 446 629 481 ue
639 429 786 496 Nymphae
796 430 911 496 quidem
922 431 1018 486 Deae

192 502 291 568 igitur.
326 501 362 550 At
376 514 471 550 earum
485 499 592 565 templa
605 506 670 550 suut
683 500 792 564 publice
806 505 873 550 rota
884 505 917 550 et
928 501 1022 554 dedi·

196 577 267 622 cata.
303 569 378 630 Quid
388 568 493 636 igitur?
515 569 558 620 Ne
568 569 655 620 ceteri
666 569 777 636 quidem
787 583 854 635 crgo
864 567 925 631 Dii,
940 586 1021 638 quo·

195 653 255 690 rum
276 639 383 704 templa
402 643 466 688 suut
488 638 626 690 dedicata.
641 674 644 677 -
662 640 719 704 Age
739 653 836 704 porro:
856 637 963 713 lorem
987 649 1021 693 et

187 708 353 774 ‚Neptunum
366 707 442 759 Deos
458 722 596 758 numeras:
619 722 687 774 ergo
698 708 782 758 etiem
794 708 903 768 Orcus,
913 706 1022 765 frater

196 793 301 839 eorum,
312 777 397 840 Deus,
407 783 436 828 et
445 774 495 837 illi,
510 779 557 842 qui
568 775 653 829 fluere
665 776 738 843 apud
748 776 851 828 inferos
862 776 1021 844 dicuntur,

195 846 331 909 Acheron,
337 848 468 914 cocytus,
478 845 558 913 Styx,
564 844 807 914 Pyriphlegethon,
812 850 870 897 tum
878 844 1020 914 Charon,

196 924 256 968 tum
268 917 417 977 Cerberus,
430 915 479 967 Dii
489 915 614 982 putandi.
650 916 694 967 44.
712 917 748 966 At
758 916 787 967 id
797 915 913 983 quidem
923 931 1021 986 repu-

197 986 338 1037 diandum.
366 985 409 1036 Ne
420 986 509 1035 Oreus
522 986 631 1052 quidem
641 985 718 1037 Deus
728 985 830 1051 igitur!
848 985 925 1046 Quid
939 988 1022 1041 dici·

197 1056 233 1106 tis
244 1070 312 1121 crgo
323 1055 357 1106 <le
367 1053 520 1106 fratribusl
537 1054 779 1107 Haeccarneades
790 1055 895 1118 aiebat,
904 1071 972 1109 non
985 1066 1023 1111 ut

92 1180 95 1185 ,
196 1123 411 1175 Deostolleret:
434 1124 499 1191 quid
515 1125 589 1175 enim
610 1123 776 1192 philosopho
793 1124 883 1175 minus
905 1141 1024 1181 conve·

196 1192 294 1246 nieusl
315 1193 363 1244 sed
375 1198 406 1244 ut
413 1191 529 1245 ¹stoicos
539 1193 609 1245 nihil
621 1194 655 1246 (le
665 1195 729 1245 Diis
739 1194 879 1261 explicare
891 1199 1023 1249 convin-

183 1269 282 1314 ceret.
318 1263 415 1331 ltaque
426 1263 631 1330 insequebatur.
667 1263 743 1325 Quid
753 1263 841 1315 enimi
861 1265 980 1329 aiebat,
992 1269 1023 1320 si

197 1330 227 1383 hi
238 1331 340 1383 fratres
350 1332 453 1383 suntin
462 1349 576 1385 numero
587 1333 719 1396 Deorum,
740 1349 805 1385 num
817 1332 852 1384 de
861 1341 952 1399 patre
965 1352 1021 1389 eo·

196 1416 259 1452 rum
271 1400 389 1455 Saturno
400 1404 495 1470 negari
509 1409 616 1469 potest,
636 1417 716 1469 quem
729 1404 813 1470 vulgo
824 1405 952 1472 maxime
968 1422 1022 1459 oo·

118 1492 138 1514 x
194 1471 305 1524 luntad
318 1472 513 1525 Occidentem'l
542 1473 597 1536 Qui
611 1472 637 1524 si
648 1480 690 1531 est
700 1472 790 1537 Deus,
810 1479 921 1540 patrem
940 1491 1022 1543 quo-

196 1557 249 1609 que
261 1543 329 1605 eius,
341 1543 463 1605 Caelum,
475 1558 536 1594 esse
545 1543 635 1595 Deum
648 1545 832 1597 confitendum
845 1550 898 1596 est.
917 1544 1022 1606 Quod

196 1613 224 1663 si
236 1613 278 1665 ita
292 1618 344 1675 est,
364 1613 442 1663 Caeli
459 1627 568 1678 quoque
583 1620 712 1677 parentes
726 1614 776 1665 Dii
792 1613 915 1665 habendi
930 1624 1022 1682 sunt,

195 1680 300 1734 Aether
313 1688 342 1733 et
357 1682 439 1742 Dies,
459 1695 608 1747 eorumque
625 1681 729 1735 fratres
739 1690 768 1735 et
777 1698 904 1736 sorores:
927 1688 989 1752 qui
1002 1704 1023 1740 a

196 1751 360 1817 genealogis
381 1751 503 1816 antiquis
523 1750 565 1800 sic
583 1752 768 1815 nominantur,
786 1755 879 1814 Amor,
901 1753 1022 1822 Dolor,

194 1819 298 1881 Metus,
317 1818 421 1879 Labor,
442 1818 605 1882 Invidentia,
625 1820 737 1884 Fatum,
756 1821 897 1884 Senectus,
914 1823 1021 1891 Mors,

178 1945 181 1956 ,
196 1888 350 1949 Tenebrae,
364 1886 490 1948 Miseria,
502 1887 630 1951 Querela,
642 1889 750 1953 Gratia,
766 1891 863 1955 Fraus,
872 1890 1022 1950 Pertina-

192 1958 249 2019 ,cia
260 1955 374 2018 Parcae,
384 1956 565 2021 Hesperides,
576 1957 700 2010 Somnia:
719 1976 789 2027 quos
799 1976 896 2014 omnes
906 1963 1020 2019 Erebo

196 2033 225 2079 et
236 2026 326 2078 Nocte
336 2031 417 2078 natos
428 2024 530 2078 ferunt.
556 2029 612 2079 Aut
625 2028 713 2095 igitur
724 2029 793 2083 haee
801 2036 930 2083 monstra
943 2050 1022 2102 pro-

197 2094 289 2149 banda
298 2100 370 2157 suut,
380 2100 428 2145 aut
434 2095 526 2162 prima
534 2096 724 2151 illatolleuda.
741 2099 840 2153 XVlll.
851 2099 897 2153 45.
911 2102 1022 2164 Queat

124 2217 133 2230 x
193 2164 360 2233 Apollinem,
370 2162 535 2227 Vulcanum,
550 2166 728 2231 Mercurium,
744 2175 860 2233 ceteros,
870 2170 957 2227 Deos
973 2192 1023 2230 es-

196 2248 227 2285 se
239 2233 327 2285 dicesr
348 2232 382 2285 de
392 2232 524 2297 Hercule,
544 2237 719 2304 Aesculapio,
739 2238 852 2303 Libero,
871 2241 1020 2310 Castore,

196 2301 311 2354 Polluce
322 2302 478 2355 dubitabisl
505 2306 542 2355 At
551 2302 581 2354 hi
591 2307 700 2372 quidem
713 2308 840 2369 coluntur
851 2326 958 2377 aeque,
971 2324 1021 2368 at·

196 2386 250 2437 que
260 2372 317 2436 illi3
330 2371 405 2438 apud
413 2372 548 2440 quosdam
561 2377 646 2427 etiam
656 2376 852 2444 multomagis.
882 2381 972 2449 Ergo
984 2384 1023 2437 hi

195 2439 247 2492 Dii
255 2446 320 2492 sunt
330 2440 457 2503 habendi,
472 2441 638 2496 mortalibus
648 2448 707 2498 nati
718 2447 869 2499 matribust
907 2451 1022 2512 ouius

195 2510 349 2572 Aristaeus,
360 2510 407 2576 qui
413 2511 505 2563 olivae
512 2511 616 2564 dicitur
625 2516 905 2583 inventor,Apolliais
914 2522 1021 2578 liliuse

195 2578 321 2632 Theseus
331 2579 464 2646 Neptuni:
485 2581 597 2646 reliqui,
618 2596 733 2651 quorum
749 2593 844 2652 putres
858 2587 925 2652 Dii,
951 2608 1024 2648 non

195 2654 277 2700 erunt
295 2650 325 2702 iu
340 2648 467 2702 Deorum
486 2652 618 2705 nunierol
648 2653 735 2719 Quid,
757 2670 873 2723 quorum
895 2668 1024 2717 metm
