2084 3025
233 160 617 223 *CONSOLATIQ
804 169 856 225 4³7

41 288 119 341 quos
129 272 253 324 uiuentes
264 269 439 339 pertulimus,
460 268 525 322 linis
535 278 579 324 est
590 273 617 324 io
629 276 729 333 morte,
747 278 778 324 et
790 272 859 326 rita·
898 320 904 330 .

40 346 89 395 tio
114 342 285 403 suturarum,
302 342 331 391 in
353 354 424 407 quas
437 341 648 408 progredientes
660 342 858 395 ioritoiocur-

39 419 123 464 runt.
149 410 375 462 Dooemur.enim
387 411 529 477 exeutplis,
540 425 557 460 a
567 411 772 479 propagatione
782 412 859 465 ritus

41 481 206 549 permultos
228 480 348 547 optimus
364 486 392 531 et
409 480 577 531 fortissimos
593 484 668 533 cives
680 479 858 534 incredibiles

42 551 175 603 hausisse
194 549 378 602 calamitates.
414 549 607 614 immerentes,
628 549 731 603 dixerit
741 550 857 618 aliquis3

43 635 119 688 orgo
130 635 185 670 non
196 626 260 670 sunt
274 620 302 669 iu
314 618 435 670 miseriis
446 616 598 686 ponendae.
635 618 713 671 Nihil
724 620 797 671 euim
807 620 858 670 mi·

42 704 151 751 sumum,
162 688 237 755 quoti
248 702 303 740 ooo
314 688 395 755 eulpa
405 695 588 740 contratrum.
619 689 662 741 De
673 686 726 741 hoe
736 689 807 740 aiis
818 691 858 739 vi·

43 759 188 821 flerimus:
220 758 270 808 sed
290 758 467 810 calamitates
488 764 564 809 oerte
586 757 712 810 fueruat:
741 774 857 825 querum

42 830 134 880 etium
154 827 237 879 uoles
253 827 402 895 cogitatio,
423 843 495 894 quoe
505 828 696 894 praetervolat
707 834 736 879 et
748 827 875 895 effugit,⁴

41 910 102 950 uon
114 896 198 947 modo
208 912 313 958 sensus,
336 898 384 963 qui
395 898 505 964 corpori
516 898 624 950 firmius
634 895 770 960 inhaeret,
781 912 858 950 aecr-
946 920 950 927 ·

40 967 144 1020 bitotis
156 965 241 1018 hebet
251 967 407 1032 plurimum.
444 968 487 1023 Ex
503 983 557 1034 quo
569 982 634 1020 vero
646 967 744 1035 eoliigi
754 974 858 1034 potest,

41 1036 190 1102 sapienter
211 1033 459 1098 iecisseeTlirusem
481 1037 544 1104 qui,
564 1037 588 1087 si
603 1037 749 1089 Herodoto
769 1036 856 1087 croili-

40 1116 118 1167 κω,
136 1105 419 1157 riusueutibusliberis
431 1105 536 1173 iugero,
557 1106 741 1158 morientibus
752 1108 856 1157 laoturi
937 1132 939 1136 ·

41 1175 187 1228 solebant.
224 1174 340 1226 Exitum
362 1175 495 1227 videlicet
514 1177 605 1238 vitoe,
626 1180 658 1226 ut
678 1176 854 1227 miseriarum

40 1246 129 1297 iinom
142 1251 171 1297 et
182 1245 285 1312 quietis
296 1251 416 1312 portum,
427 1245 599 1311 probabant:
611 1244 685 1298 vitoe
696 1245 856 1305 initium‚ut

41 1317 206 1381 ingressum
228 1314 263 1365 ud
275 1315 421 1366 molestias
431 1320 460 1365 et
471 1314 597 1376 dolores,
620 1315 702 1367 inriti
713 1314 855 1365 ridebant.

41 1382 79 1437 Si
90 1398 157 1452 ergo
167 1385 307 1436 noscimur
316 1383 421 1445 miseri,
431 1384 566 1434 morimur
574 1384 663 1435 beati:
673 1385 735 1452 quis
745 1387 774 1435 io
785 1382 855 1434 hanc

41 1457 138 1508 lucem
160 1452 205 1506 edi
226 1454 306 1517 velit,
328 1457 361 1503 ut
377 1453 498 1505 miseriis
514 1454 706 1520 opprimaturl
727 1454 856 1521 quisnoo

43 1525 144 1594 potius
155 1524 241 1587 mori,
260 1530 292 1574 ut
309 1524 422 1575 beatam
437 1522 525 1575 vitum
537 1523 679 1591 aequirotl
701 1531 743 1587 et,
764 1525 788 1575 si
802 1523 857 1576 hoo

43 1594 188 1647 nobismet
196 1594 276 1660 ipsis,
287 1599 319 1643 ut
331 1594 474 1660 optimum,
486 1593 636 1645 vellemus:
661 1608 709 1646 cur
719 1594 816 1646 liboris
828 1603 857 1647 et

44 1663 176 1727 affinibus
188 1662 345 1715 diversumi
365 1664 406 1714 rio
416 1662 515 1713 molius
527 1662 616 1727 uobis,
639 1678 721 1730 quam
732 1664 776 1726 iis,
786 1679 855 1731 quoe

44 1749 154 1788 summe
166 1733 317 1801 diligimus,
330 1747 391 1784 esse
403 1731 529 1793 velimus,
548 1739 597 1783 out
607 1733 701 1799 potius
711 1732 795 1785 beate
807 1749 857 1784 no·

43 1806 106 1866 bis,
127 1804 228 1855 oiseis
238 1803 308 1869 ipsis
321 1806 349 1852 ot
359 1800 530 1853 infeliciter?
551 1799 856 1860 iloeoerteoullomo·

45 1874 95 1926 dm
132 1872 317 1936 Quamobrem
330 1870 450 1921 unienda
460 1885 536 1922 mors
546 1885 655 1937 semper
666 1872 801 1935 omuibus,
812 1887 857 1922 co·

43 1940 405 2007 rissimisotiumoptomiu.
436 1941 860 2009 rio,siquibusmoripruestoty
927 1948 933 1956 ’“

46 2027 131 2081 quam
141 2014 244 2074 virere,
263 2011 299 2060 ils
311 2009 469 2075 praecipue,
483 2024 554 2076 quos
565 2017 593 2061 ot
605 2016 668 2062 aeta
679 2026 740 2062 oum
750 2009 857 2063 virtute

43 2085 109 2136 vito
120 2083 210 2134 claros
221 2079 329 2141 effecit,
351 2085 379 2130 et
389 2091 479 2141 mors,
500 2080 571 2130 sutis
583 2079 714 2132 diuturne
724 2081 785 2132 rita
794 2095 855 2147 por·

44 2155 172 2214 functos,
193 2149 324 2202 molestia
340 2147 451 2200 officere
469 2163 524 2198 noo
540 2156 643 2216 potest.
678 2150 765 2201 Nasoi
777 2165 857 2212 reru,

45 2239 104 2275 non
118 2222 261 2288 iutellig03
282 2220 381 2287 quibus
399 2218 551 2285 expediat
573 2220 647 2271 Nom
662 2219 693 2270 iu
708 2233 856 2270 aerumnas

45 2292 229 2359 miseriasque
249 2289 441 2357 ingredientes
452 2288 519 2354 quid
535 2294 658 2355 gratum,
681 2288 750 2356 quid
765 2287 857 2340 hilaro

45 2361 233 2428 adspicimusl
245 2367 299 2427 quo
309 2375 340 2412 re
352 2359 509 2426 potiusnon
521 2356 704 2412 offendimurl
714 2358 789 2424 quod
800 2358 855 2424 pri·

44 2432 111 2485 inus
132 2431 181 2483 ille
202 2431 373 2482 noscentium
394 2426 543 2479 infantium
562 2428 672 2494 vagitus
687 2433 717 2479 et
732 2427 855 2478 eiulatus

45 2499 120 2566 satis
132 2500 265 2552 (lenierat.
287 2501 422 2551 Tributus
436 2499 508 2550 enim
521 2503 565 2548 est
577 2497 729 2564 abloptima
739 2501 855 2563 parente

46 2577 165 2632 maturo,
188 2583 261 2636 quoe
273 2568 342 2620 nihil
358 2570 441 2620 ianoe
452 2568 527 2619 solet
537 2567 649 2629 efferre,
669 2582 702 2618 ae
712 2566 807 2633 potius
818 2564 856 2614 iis

46 2641 141 2702 rebus,
163 2653 230 2706 quaes
241 2638 332 2701 eiiiuit,
351 2637 515 2690 admirando
526 2652 636 2704 sempor
647 2635 759 2689 editvel
769 2636 858 2702 pieto-

46 2710 87 2762 tis
97 2710 142 2762 vel
152 2708 281 2781 iustitiae
300 2708 347 2760 vei
356 2707 523 2778 prudentiae
534 2707 710 2760 documento.
746 2706 857 2772 Exquo

250 2813 254 2840 l
