2084 3025
254 163 335 217 [ΑΒ.
352 163 407 218 111.
427 163 531 219 MP.
550 162 593 219 19.
610 165 654 219 20.
803 164 856 221 ³55

40 265 124 320 Ferri
136 266 174 318 de
182 266 301 335 singulis
314 268 549 320 nisi-centuriatis
560 271 683 322 comitiis
694 268 854 325 uoluerunt.

42 336 212 402 Descriptus
222 338 295 389 enim
306 337 425 404 populus
437 354 531 401 censu,
543 340 695 403 ordinibus,
706 340 855 405 aetatibus,

42 407 107 473 plus
118 405 234 457 adhibet
244 406 282 457 ad
291 406 457 475 suffragium
466 410 588 471 roumilli,
601 425 682 477 quam
694 409 755 462 fuse
766 408 796 461 in
805 412 855 461 tri·

43 476 96 526 bus
108 482 289 526 convocatus.
315 476 360 530 45.
380 477 442 537 Quo
452 479 546 530 verius
556 481 585 531 in
594 486 692 531 nostra
701 495 801 531 caussa
813 480 856 532 vir

43 546 141 612 magni
153 545 259 610 ingenii
270 560 432 613 summaque
442 547 600 613 prudentia,
621 549 654 600 L.
666 550 759 612 Cotta,
781 549 855 602 dioe-

43 616 101 676 bat,
112 613 308 665 nihilomnino
321 622 414 666 actum
425 631 486 668 esse
498 616 532 668 de
543 618 633 670 nobis.
653 617 770 670 Praeter
780 619 854 670 enim

44 699 128 751 quam
137 681 215 750 'quoti
223 684 338 735 comitia
347 685 498 737 illaessent
507 689 593 749 armis
604 693 685 753 geste
693 687 855 751 servilibus,

44 759 195 820 praeterea
205 768 294 820 neque
304 754 411 805 tributa
422 757 525 822 capitis
531 757 648 807 comitia
654 762 716 807 ruta
722 772 783 808 esse
792 772 856 823 pos·

42 822 145 889 ΝΜ,
165 836 257 889 neque
276 823 335 874 ulls
354 824 510 892 privilegii:
533 826 666 892 quocirca
683 825 753 877 nihil
772 826 855 878 nobis

44 906 116 958 opus
130 906 194 943 esse
208 892 285 958 lege,
305 892 451 960 dequibus
466 893 536 946 nihil
551 896 663 946 omnino
674 900 768 946 aetum
780 892 856 948 esset

42 960 173 1029 legibus:
201 960 258 1013 Sed
268 963 357 1013 risum
370 969 413 1015 est
426 969 456 1014 et
470 965 552 1015 uobis
563 972 592 1016 et
603 964 767 1016 clarissimis
776 964 855 1028 riris,

42 1033 158 1093 melina,
178 1029 226 1082 de·
249 1046 285 1081 uo
296 1032 372 1083 serui
386 1039 415 1084 et
432 1032 560 1086 latrones
576 1034 692 1087 scivisse
706 1049 738 1086 se
748 1033 857 1102 aliquid

43 1100 180 1165 dicerent,
196 1100 214 1150 (l
230 1047 296 1152 (inec
306 1102 406 1154 ecdem
417 1104 676 1169 mctmltaliam,
691 1103 760 1172 quid
770 1103 857 1157 seuti-

41 1176 92 1233 ret,
108 1170 269 1222 ostendere.
486 1190 488 1195 ·

93 1240 159 1291 XX.
177 1239 223 1292 46.
241 1239 401 1306 Sequuntur
408 1241 444 1294 de
454 1246 543 1312 captis
553 1245 692 1313 pecuniis,
712 1243 856 1297 etdeem·

42 1309 204 1376 conteges.
242 1310 320 1371 Quae
330 1324 414 1377 quum
424 1317 516 1382 magis
527 1315 648 1377 iudiciis,
666 1314 854 1381 quant-emir

45 1378 277 1441 aemulantur,
292 1380 463 1449 adiungitur-5
477 1385 576 1438 nerim
583 1400 674 1451 pecua
680 1398 736 1449 pur
747 1391 812 1448 etto,
822 1389 856 1435 ut

44 1448 135 1500 innuo
146 1449 221 1500 vitiu
232 1452 347 1518 quisque
357 1451 510 1519 plectatur:
532 1455 584 1517 vis,
597 1454 703 1522 eupite3
723 1454 853 1517 avaritia,

43 1521 166 1582 mulcta3
177 1518 293 1571 honoris
304 1522 456 1589 cupiditas,
466 1524 621 1594 ignominie
631 1523 781 1575 sauclatur.
799 1523 855 1574 Ex·

43 1594 153 1642 tremae
162 1589 241 1659 leges
250 1596 314 1641 sant
323 1591 405 1644 nobis
416 1609 471 1646 uon
481 1596 616 1646 usitatae:
628 1592 800 1659 reipublicae
809 1607 855 1645 ne·

43 1660 195 1713 oessariae.
223 1658 331 1728 Legum
344 1664 501 1716 custodiam
511 1660 771 1714 nullumhubemus.
799 1662 856 1713 lta·

43 1743 95 1795 qne
106 1728 163 1782 bae
173 1729 252 1797 leges
263 1737 338 1793 sunt,
347 1747 416 1799 quas
427 1734 603 1802 apparitores
610 1731 704 1783 nostri
713 1730 826 1782 volunt:
837 1744 855 1783 a

44 1799 170 1851 librariis
186 1802 322 1865 petimus,
342 1804 461 1868 publicis
478 1804 582 1856 litteris
594 1802 787 1870 consignatam
798 1815 855 1852 me·

44 1867 163 1919 moriam
174 1869 316 1935 publicam
328 1872 432 1924 nullam
443 1872 587 1927 habemus.
616 1871 719 1924 Gracci
730 1870 782 1924 hoc
792 1869 855 1922 dili·

45 1938 166 2004 gentius‚
181 1939 258 2005 apud
268 1953 338 2005 quos
354 1943 534 2008 νομοφύλακες
545 1948 686 1994 creantur:
707 1957 759 1994 neo
770 1940 799 1992 hi
809 1955 854 1994 so·

45 2007 100 2059 lam
112 2009 227 2060 litteras
239 2012 316 2071 (nam
327 2009 357 2060 irl
368 2010 478 2078 quidem
490 2012 576 2064 etiam
587 2011 661 2079 apud
672 2012 794 2064 maiores
804 2025 854 2062 uo·

46 2083 122 2129 atros
133 2082 206 2141 erat)
217 2078 267 2130 sed
279 2079 365 2131 etiam
376 2078 453 2132 laeta
464 2081 608 2133 homiuum
620 2081 806 2134 observabant
816 2079 854 2132 atl

28 2205 33 2216 Ι
45 2146 178 2215 legesque
187 2150 367 2203 revocabant.
401 2150 447 2201 4⁷.
465 2151 545 2202 llaec
556 2151 638 2203 detur
648 2165 716 2203 curo
727 2150 854 2204 Censori·

3 2189 111 2282 Fons:
123 2216 349 2285 quandoquidem
357 2234 404 2271 eos
416 2220 443 2270 iu
452 2221 597 2287 republica
606 2235 714 2287 semper
723 2220 854 2272 volumus

48 2301 124 2341 esses
152 2286 235 2353 Apud
246 2288 430 2355 eosdequui
441 2290 605 2357 magistratu
617 2290 747 2350 obierint,
769 2288 855 2341 edant

4 2343 9 2424 Ι
49 2362 76 2408 et
86 2362 238 2424 exponant,
254 2358 318 2424 quid
328 2358 357 2408 iu
367 2359 536 2425 magistratu
546 2360 696 2426 gesserintt
718 2358 807 2424 deque
818 2355 855 2405 iis

50 2426 398 2493 Cemorespraeiudiceut.
433 2428 497 2480 Hoc
510 2430 541 2479 in
551 2427 724 2487 Graccialit,
742 2424 854 2492 publice

82 2493 209 2547 institutis
221 2496 441 2548 accusatoribus.
478 2498 534 2561 Qui
549 2498 659 2564 quidem
678 2508 778 2561 graves
793 2505 855 2569 esso

113 2570 245 2632 possunt,
265 2566 321 2617 uisi
335 2566 392 2618 slnt
407 2567 569 2619 voluntarii.
606 2564 747 2626 Quocirca
755 2558 854 2609 melun

81 2641 100 2697 t,
113 2639 242 2688 rationes
252 2634 353 2688 referri
364 2651 546 2705 caussamque
559 2632 662 2701 exponi
673 2626 855 2705 eensortbuqr

91 2720 188 2774 egram
195 2711 292 2759 tamen
301 2707 393 2777 legem
402 2706 561 2760 cessatori
569 2700 728 2824 iuzdizcioqut
740 2707 853 2747 wilm·
