2084 3025
237 135 295 191 DE
312 134 506 193 AMICITIA
525 136 608 193 cni).
627 133 724 194 ao21.
850 135 886 192 61

73 241 441 296 orationostradelabitur.
477 243 634 312 Erumpunt
644 258 728 311 saepe
738 241 810 295 vitia
820 242 899 294 anri-¹

76 328 177 365 corum
189 328 271 380 quum
281 314 310 364 in
320 314 397 380 ipsos
408 313 521 378 amicos,
530 321 590 366 tum
601 314 629 365 in
637 314 758 378 alienos3
769 327 887 382 quorum

74 389 173 434 tamen
195 382 231 433 ad
251 384 356 435 amicos
375 383 512 455 redundet
531 383 657 437 infamia
693 384 779 457 Tales
798 383 888 451 igitur

75 452 220 504 amicitiae
230 459 294 503 sunt
303 453 468 507 remissione
477 470 543 506 usus
555 453 691 507 eluendae
700 460 738 517 et,
761 458 793 504 ut
805 455 888 505 Cato·

4 548 5 551 =
75 536 142 572 nom
155 521 250 574 dicere
260 522 367 585 audivi,
389 522 555 577 dissuendae
566 525 671 591 nangis,
692 538 773 591 quam
785 523 887 574 diseia-

77 590 198 644 dendae.
235 591 298 644 Nisi
308 592 444 660 quaedam
460 588 609 645 admodum
620 593 805 646 intolerabilis
815 592 886 644 iniu⁴

75 661 123 712 ria
139 662 289 725 exarserit,
311 668 343 713 ut
356 678 446 731 neque
460 672 568 716 rectum
582 679 670 730 neque
686 661 832 716 honestum
845 661 886 712 sit

76 741 170 797 neque
180 731 242 784 lieri
253 733 327 798 possi
361 745 394 784 ut
404 749 459 785 uon
471 735 566 785 statim
579 732 712 785 alienatio
724 731 886 784 disiunctio·

77 815 134 869 quc
143 799 277 855 facienda
291 802 336 854 sit.
373 805 415 856 77.
429 802 481 855 sin
496 810 590 857 autem
600 817 709 854 morum
721 808 769 854 aut
780 800 887 853 studio·
901 831 904 837 -

76 872 491 940 rumcommutatimquaedam,
512 872 712 936 utlierisolet,
733 871 811 924 facta
820 871 886 934 erit,

78 940 164 993 autin
172 942 345 1009 reipublicae
353 944 483 1010 partibus
493 942 631 996 dissensio
636 942 828 994 intercesserit
835 941 887 1004 (lo-

77 1024 153 1077 quor
165 1012 237 1064 enim
253 1013 323 1075 iam,
343 1020 376 1066 ut
385 1013 481 1080 paullo
493 1018 559 1066 aute
569 1012 641 1075 dixi,
663 1028 719 1064 non
729 1010 764 1063 de
776 1010 886 1077 sapien·

75 1081 165 1141 tium,
186 1081 235 1134 sed
248 1082 281 1134 de
292 1084 482 1137 communibus
497 1082 641 1145 amicitiis)
657 1081 816 1133 cavendum
822 1080 886 1143 erit,

75 1164 115 1206 ne
130 1165 189 1201 ‘non
205 1151 298 1204 solum
315 1153 459 1205 amicitiae
477 1152 635 1219 depositae,
654 1151 705 1206 sed
718 1150 887 1204 inimicitiae

77 1219 165 1271 otiam
176 1218 321 1289 susceptae
333 1222 488 1274 videantur.
503 1221 583 1273 Nihil
592 1221 665 1273 enim
676 1221 794 1287 turpius,
803 1234 887 1288 quam

78 1303 143 1340 cum
155 1304 188 1342 ea
204 1290 433 1359 bellamgarere,
454 1291 564 1358 quicum
580 1289 760 1343 familiariter
772 1290 886 1342 visens.

75 1359 262 1412 Abamicitia
278 1362 311 1423 Q.
321 1360 451 1427 Pompeii
467 1376 530 1412 meo
546 1359 658 1411 nornine
673 1374 703 1411 se
718 1364 889 1420 removerat,

76 1429 208 1492 ut‘scitis,
230 1429 337 1497 Salpiai
355 1436 472 1497 propter
482 1429 685 1481 dissensionem
696 1434 798 1490 autom,
816 1442 888 1496 qens

77 1503 141 1556 erat
150 1499 182 1551 in
191 1500 348 1567 republica,
367 1500 507 1553 alienatus
518 1506 561 1552 est
572 1497 711 1565 acollcga
719 1503 817 1552 nostro
828 1497 888 1550 Me·

40 1626 47 1634 ‚
76 1568 160 1621 tello.
188 1571 342 1637 Utrumque
353 1563 746 1639 egitgrauiter,·auctoritatc,
758 1574 787 1620 et
801 1566 887 1618 orfeu,

77 1638 159 1690 sione
173 1640 259 1691 animi
276 1655 331 1692 non
346 1640 456 1693 acerba.
491 1640 536 1691 78.
558 1638 745 1701 Quamobrem
766 1638 888 1704 primum

78 1707 172 1759 danda
183 1715 332 1776 operaest,
343 1726 378 1762 ne
390 1708 608 1777 quaemicorum
619 1708 742 1760 discidia
752 1707 832 1758 liant:
844 1707 886 1758 sin

24 1807 28 1814 ·
77 1778 137 1831 tale
149 1778 258 1846 aliquid
268 1780 405 1844 evenerit3
420 1786 451 1832 ut
462 1779 616 1832 exstinctae
624 1779 722 1845 potius
733 1776 888 1840 amicitiae,

78 1863 163 1916 quam
172 1852 325 1915 oppressae
336 1865 397 1901 esse
408 1850 565 1902 videantur.
592 1848 751 1900 Cavendum
761 1861 838 1910 vero,
850 1863 888 1902 ne

3 1923 5 1958 ὲ
78 1919 166 1971 etiam
177 1919 206 1969 in
217 1933 316 1985 gram
329 1919 495 1972 inimicitias
515 1924 680 1971 convertant
691 1928 723 1970 sc
732 1918 886 1971 amicitiae:

78 1988 225 2055 exquibus
237 1988 338 2055 iurgia,
353 1990 513 2051 maledicta,
528 1988 714 2041 contumeliae
724 1988 887 2056 gignuntur.

79 2059 161 2120 Quae
172 2064 268 2110 tamen
281 2059 306 2109 si
320 2057 485 2112 tolerabiles
500 2063 596 2121 crunt,
615 2057 748 2111 ferendae
759 2064 836 2109 sunt:
858 2065 887 2110 et

77 2126 125 2182 liic
141 2124 230 2179 honos
248 2128 337 2181 veteri
352 2129 495 2180 amicitiae
508 2128 674 2180 tribuendus
693 2136 750 2192 est,
771 2134 804 2180 ut
818 2128 843 2179 is
857 2127 887 2179 in

78 2196 164 2264 culpa
172 2198 218 2259 sit,
229 2199 278 2265 qui
288 2197 382 2262 faciat,
390 2214 448 2249 usin
458 2198 777 2266 quipatiaturiniuriam.
793 2199 891 2250 Omni-1

76 2283 116 2319 no
136 2267 261 2318 omnium
282 2265 380 2320 hurum
395 2268 527 2320 vitiorum
548 2275 632 2336 atque
646 2268 887 2319 incommodorum

76 2353 137 2388 una
146 2337 241 2407 cautio
253 2343 387 2406 astatque
397 2354 453 2390 una
463 2337 594 2405 provisio,
605 2344 638 2390 ut
647 2354 682 2390 no
693 2337 774 2387 nimis
780 2337 836 2388 cito
844 2337 887 2397 di·
932 2397 934 2402 X

76 2407 171 2473 ligere
182 2406 355 2474 incipiamus,
367 2423 435 2460 neve
446 2423 502 2461 noa
512 2408 622 2476 dignos.
641 2407 683 2459 79.
694 2406 782 2473 Digni
793 2409 887 2457 autem

78 2483 146 2528 ranst
157 2477 297 2540 micitia,
319 2478 419 2545 quibus
429 2478 457 2529 in
467 2478 536 2545 ipsis
546 2478 619 2529 inest
630 2491 741 2537 caussa,
762 2490 810 2526 cur
821 2473 886 2525 ‹liii-

78 2553 192 2616 gautu-r.
228 2547 333 2599 Rarum
343 2563 443 2615 genus,
462 2553 502 2609 (et
513 2547 623 2614 quidem
637 2546 731 2594 omnia
740 2543 887 2610 praeclara
972 2560 981 2577 ‘

78 2620 157 2680 rara)
170 2632 221 2668 nec
232 2617 382 2685 quidquam
393 2617 544 2678 difficilius,
563 2630 644 2684 quam
657 2614 790 2679 reperire,
811 2612 886 2677 quod

79 2688 119 2738 sit
131 2683 210 2738 omui
221 2702 256 2739 ex
265 2693 345 2756 parte
356 2689 447 2740 iusao
459 2701 562 2757 genere
575 2682 740 2752 perlectum.
762 2681 817 2737 sed
827 2683 886 2750 ple·
