2084 3025
164 117 216 173 158
334 108 373 165 Μ.
397 112 550 165 TULLII
570 111 802 165 CICERONIS

310 193 320 201 ι

164 223 217 271 eius
239 219 367 284 impensas
388 236 448 283 opes
466 237 524 267 suas
535 220 719 285 absumpserit,
741 235 921 286 nragnumqne
934 239 976 271 aes

162 289 275 340 alienum
287 288 448 334 contraxerit.

213 355 255 402 En
265 353 384 416 Praetura
399 354 558 417 provinciam
569 353 715 402 Sardiniam
732 355 858 415 obtinuit,
882 356 915 404 irr
926 371 980 421 qua

161 439 245 486 neque
257 422 315 469 satis
328 421 482 468 abstinenter
501 439 527 469 se
538 423 645 484 gessisse
657 421 814 471 existimatus
827 435 866 470 est
876 434 905 469 et
917 427 977 472 val·

163 488 194 537 de
206 501 365 553 arroganter:
389 488 460 552 quod
476 504 556 551 genus
573 505 678 546 morum
694 491 721 537 in
737 508 768 537 eo
779 493 923 555 paternum
935 493 978 540 vi-

162 541 284 618 debatur,
307 573 387 619 quum
409 567 490 603 cetera
511 555 636 604 industria
653 573 815 621 nequaquam
832 569 901 605 esset
920 573 979 624 par.

162 624 286 673 Oraverat
312 635 398 671 tamen
426 622 564 688 aliquando
584 625 651 671 inter
670 635 793 689 patronos
814 641 979 674 caussarum.

161 692 215 741 Sed
226 703 361 756 postquam
374 690 545 754 eiprovincia
556 691 678 751 redierat,
699 690 797 739 dixerat
813 709 860 756 pro
872 690 909 740 G.
924 693 981 741 Ca-

160 770 229 820 tone,
248 760 318 822 isque
331 768 385 805 erat
395 754 526 806 absolutus
538 777 560 804 a.
573 757 598 806 d.
610 769 663 805 ιιι.
677 759 763 806 Nonas
776 759 867 824 Quint.
906 759 980 825 Ipse,

162 843 244 890 quum
263 824 295 872 ad
307 824 460 872 Consulatus
477 825 630 889 petitionem
652 845 674 874 a.
694 824 721 873 d.
734 842 790 874 111.
807 827 866 874 Kal.
880 827 980 889 Quint.

161 893 272 942 Romam
289 891 413 951 redisset,
434 894 598 956 querentibus
616 889 647 941 de
659 912 689 942 eo
702 889 790 942 Sardis
802 913 814 942 a
827 891 855 941 Ρ.
864 894 979 944 Valerio

161 961 278 1020 Triario,
301 956 461 1007 adolescente
472 971 561 1024 parato
573 960 605 1009 a'd
617 960 755 1009 dicendum
766 966 792 1010 ct
802 969 875 1008 uotae
890 962 980 1010 indu-

160 1028 250 1086 striae,
269 1027 322 1074 filio
334 1027 397 1086 eius,
415 1028 496 1089 quiin
509 1027 626 1076 Sardinia
637 1040 724 1076 contra
735 1029 772 1076 Mi
784 1028 921 1093 Lepidum
934 1048 980 1077 ar-

161 1111 205 1143 ma
222 1095 316 1141 tulerat
331 1105 356 1141 et
372 1106 431 1157 post
447 1095 474 1142 in
484 1091 546 1142 Asia
557 1093 689 1161 Pontoque
701 1095 811 1158 Legatos
823 1097 853 1143 L.
865 1091 981 1145 Luculli

162 1162 251 1220 Inerat,
263 1177 346 1223 quum
356 1162 376 1208 is
389 1160 488 1209 bellum
500 1175 589 1211 contra
599 1162 777 1211 Mithridatem
787 1175 898 1226 gereret,
923 1182 981 1229 po-

163 1230 269 1292 stulatus
281 1226 350 1292 apud
360 1227 398 1274 Μ.
410 1228 537 1277 Catonem
547 1229 696 1279 Praetorem
706 1230 915 1295 repetundarum
935 1234 947 1292 (
953 1244 982 1280 ut

162 1296 190 1360 in
201 1296 261 1343 actis
279 1294 466 1359 scriptumest)
486 1297 609 1361 postridie
622 1299 709 1346 Nonas
721 1297 815 1361 Quint.-
831 1310 892 1365 pust
905 1299 981 1348 dlem

83 1375 86 1380 ⁴
162 1364 275 1422 tertium,
291 1379 368 1426 quam
382 1362 408 1411 C.
421 1362 484 1411 Cato
497 1366 700 1413 eratabsolutus.
727 1406 730 1410 .

215 1430 425 1494 Subscripseruut
436 1432 537 1481 Triario
554 1434 581 1480 in
593 1433 720 1481 Scaurum
736 1431 765 1481 L.
778 1431 876 1481 Marius
889 1431 924 1482 L.
937 1434 981 1495 Fa,

163 1495 204 1564 M,
213 1509 237 1545 et
249 1498 283 1563 Q.
295 1495 396 1563 Pacuvii
414 1498 506 1546 fratros
522 1501 676 1564 cognomine
687 1499 804 1549 Claudii:
826 1502 869 1564 qni
884 1501 982 1566 inqui·

163 1558 283 1613 sitiouem
304 1567 330 1613 in
350 1564 496 1614 Sardiniam
515 1569 629 1631 itemque
646 1564 779 1616 Corsicam
798 1569 898 1616 insulas
916 1569 982 1633 dits

162 1632 272 1680 tricenos
284 1642 434 1699 acceperunt
444 1640 527 1697 neque
543 1636 651 1699 profecti
662 1635 763 1684 suntad
775 1636 980 1700 inquirendum.

162 1697 241 1748 Cuius
253 1701 290 1748 rei
302 1700 367 1748 banc
378 1718 494 1749 caussam
504 1701 647 1752 reddebant
652 1731 662 1764 5
677 1701 748 1768 quod
760 1704 855 1751 interea
867 1706 978 1751 comitia

162 1761 314 1814 Consularis
330 1768 414 1815 futura
431 1783 515 1828 erant;
537 1770 626 1816 timere
638 1786 697 1835 ergo
709 1786 750 1830 sc,
772 1787 804 1818 ne
816 1770 934 1819 Scaurus
947 1789 980 1818 cn

160 1834 277 1898 pecunia,
298 1850 376 1897 qnam
387 1836 418 1882 ab
429 1835 502 1885 sociis
514 1837 668 1897 abstulisset,
690 1850 787 1885 emeret
797 1835 983 1889 Consulatum

161 1913 192 1959 et,
204 1900 268 1947 sicut
276 1913 349 1963 pater
361 1902 413 1950 eius
426 1903 532 1963 fecisset,
543 1910 601 1951 ante
612 1922 690 1968 quam
704 1904 734 1952 de
746 1902 898 1953 ouindicari
911 1916 979 1971 p'os-

162 1979 206 2025 set,
228 1969 407 2030 magistratum
427 1970 502 2019 iniret
518 1989 547 2019 ac
563 1984 724 2021 rursusaute
744 1973 805 2019 alias
824 1974 977 2037 provincias

160 2035 298 2101 spoliaret,
319 2053 398 2100 quam
415 2038 543 2087 rationem
559 2041 653 2104 prioris
669 2039 899 2091 administrationis
912 2040 977 2089 red-1

159 2100 240 2151 deret.

213 2185 324 2237 Scaurus
336 2204 469 2238 summam
477 2188 598 2239 fiduciam
610 2193 635 2241 in
647 2191 743 2258 paterni
754 2191 868 2239 nominis
882 2190 978 2254 digni-¹

160 2266 220 2315 tate,
229 2264 349 2318 magnam
361 2258 386 2303 in
399 2255 447 2304 Cn.
458 2256 574 2322 Pompeii
586 2259 671 2323 Magni
682 2259 830 2324 reponebat.
852 2257 976 2312 Habebat

160 2317 229 2369 enim
240 2324 331 2383 filium,
341 2324 483 2371 liberorum
495 2323 544 2372 Cn.
555 2325 672 2391 Pompeii
688 2325 805 2374 fratrem:
827 2341 890 2374 nam
903 2327 974 2374 Ter·

158 2390 373 2446 tiam,Scaevolae
384 2389 473 2450 liliam,
483 2389 615 2442 dimissam
628 2413 642 2442 a
651 2395 781 2459 Pompeio,
793 2394 820 2441 in
828 2394 974 2440 matrimo-

158 2455 232 2502 ninm
243 2454 361 2504 duxerat.
389 2455 426 2504 Μ.
440 2456 566 2507 Catonem
577 2473 673 2521 autem,
693 2463 737 2526 qui
748 2460 775 2508 itl
787 2460 924 2518 iudicium,
943 2472 974 2508 nt

158 2516 279 2594 diximus,
299 2523 441 2581 exercebat,
460 2527 592 2575 metuebat
604 2528 745 2576 admodum
757 2540 863 2594 propter
874 2528 975 2577 aurici··

157 2593 233 2643 tram,
256 2605 319 2649 quae
337 2601 389 2637 crat
406 2590 444 2637 illi
457 2608 517 2638 cum
529 2593 644 2643 Triario:
664 2613 725 2643 uam
735 2595 862 2643 flaminia
872 2594 978 2643 Triarii

156 2662 238 2699 mator
249 2655 341 2719 etipse
351 2655 467 2705 Triarius
482 2675 601 2710 sororem
611 2662 718 2712 Catonis
728 2663 878 2724 Seruiliam,
903 2678 970 2726 quae
