2084 3025
182 136 236 195 aso
268 127 275 144 “
454 138 513 192 nu
532 136 715 192 euricus

185 250 279 295 autem
291 247 335 295 ast
344 243 473 308 stultius,
495 259 587 312 quarn,
609 243 683 311 quod
694 244 815 296 libenter
825 242 924 305 iacias,
947 257 990 296 eo·

184 328 261 374 rare,
282 320 314 363 ut
330 313 360 364 id
370 315 476 366 diutius
490 313 585 367 faeere
595 330 651 367 non
666 314 776 381 possis!
803 314 894 382 litque
905 312 992 365 etiam

101 415 104 418 ,
185 389 338 449 sequuntur
351 384 534 451 largitionem
548 386 673 452 rapinae.
710 385 802 446 Quum
815 384 889 436 enim
899 382 992 435 dando

186 466 268 519 egere
280 460 443 520 ooepernnt‚
463 455 563 514 alienis
578 455 660 506 honis
670 469 769 508 manus
779 453 882 506 afferre
892 465 1006 519 eogun-v

185 528 243 573 tur.
279 522 329 586 lta,
348 538 430 590 quum
446 525 659 577 benevolentiae
673 524 879 592 conparandae
893 534 995 574 caussa

186 590 306 644 benefici
314 608 377 647 esse
385 594 482 657 velint,
493 610 549 655 non
559 601 638 648 tanta
647 595 743 646 studia
752 598 939 661 mequuntur
949 604 995 643 eo·

187 675 264 724 rum,
283 663 549 730 quinamentorum,
568 665 872 732 quantaodiaeorum‚
894 662 994 728 quibus

187 731 360 786 ademerunt.
392 732 440 786 ¹55.
458 734 645 795 Quamobrem
659 749 710 787 nee
724 735 768 788 ita
782 731 941 785 claudenda
950 744 995 782 res

189 807 232 872 est
242 800 403 867 familiaris,
422 808 454 855 nt
465 818 527 855 earn
537 805 695 873 benignitas
707 805 817 871 aperire
826 817 883 854 non
892 800 996 868 possita

187 886 239 924 nee
249 872 289 924 ita
298 873 461 935 reseranda,
481 880 621 940 utputeat
632 875 768 930 omnibus.
803 872 907 926 Modus
918 867 996 920 adhi-

187 940 304 1004 beatur,
325 943 404 1009 isque
414 944 553 996 referatur
565 945 601 996 ad
612 943 771 998 facultates.
808 942 928 995 Omnino
940 953 996 991 me·

89 1044 92 1051 ·
188 1012 302 1066 minisse
318 1011 450 1064 dehemus
465 1012 508 1076 id,
531 1013 606 1081 qnod
617 1016 747 1068 anestris
762 1012 923 1065 hominihus
937 1023 997 1060 sao

187 1082 303 1149 pissime
314 1087 483 1148 usurpatum,
503 1083 560 1136 iam
571 1084 601 1135 in
611 1084 754 1151 proverbii
761 1079 995 1135 consuetudinem

187 1150 271 1213 venit,
280 1152 458 1220 largitionem
465 1153 589 1225 fiendum
603 1172 656 1208 aon
665 1154 771 1206 lame.
806 1150 919 1203 Etenim
931 1149 995 1216 qnia

187 1225 282 1288 potest
293 1221 391 1272 modus
402 1238 470 1285 esse,
487 1239 570 1291 quarn
583 1230 613 1275 et
620 1222 694 1274 idem
707 1223 755 1290 qui
764 1228 948 1279 consuerunt,
964 1223 996 1270 et

187 1290 262 1356 idam
279 1290 351 1342 illud
362 1289 414 1343 aiii
425 1291 604 1352 desiderent!
637 1290 713 1345 XVl.
732 1290 851 1342 Omnino
863 1289 921 1342 duo
930 1294 996 1340 sane

184 1377 290 1432 genero
301 1363 457 1431 largorsme
476 1377 594 1429 querum
604 1358 688 1413 alteri
697 1360 820 1428 prodigi,
834 1359 919 1412 alteri
928 1359 996 1410 libe·

187 1431 273 1496 rales.
308 1430 439 1503 Prodigl‚
455 1433 504 1498 qui
512 1431 604 1501 epulis
614 1437 643 1483 et
654 1430 886 1483 viseerafionihus
897 1435 929 1481 et
939 1427 998 1495 gia·

188 1500 329 1555 diatorum
340 1501 509 1565 munerihue‚
525 1500 657 1554 ludorum
667 1501 900 1568 venationumque
913 1512 998 1567 appa·

188 1579 253 1625 ratu
264 1573 396 1639 pecunias
406 1571 577 1639 profundunt
586 1571 743 1635 isernien,
765 1586 883 1640 quarum
893 1583 999 1622 merno-

188 1642 264 1705 riam.
275 1649 325 1694 aut
337 1644 449 1695 brevem
466 1649 515 1695 aut
530 1641 637 1695 nullarn
652 1643 767 1694 omnino
782 1642 839 1694 sint
857 1639 999 1695 relietum

188 1709 232 1766 56.
243 1711 382 1765 Liberata
393 1718 498 1774 autem,
518 1712 632 1779 quisuis
643 1711 823 1765 facultatibus
835 1718 884 1763 aut
896 1716 998 1778 eaptrn

189 1798 208 1836 a
217 1782 405 1850 praedonibus
413 1781 566 1844 redimunt,
586 1788 636 1834 aut
646 1797 694 1834 aes
705 1783 828 1835 alienum
840 1781 998 1848 suscipiunt

189 1852 350 1916 amicorum,
366 1853 453 1905 autin
462 1852 584 1905 tiliarum
595 1851 782 1906 collocatione
792 1851 938 1913 adiuvant,
946 1855 999 1903 aut

189 1921 363 1990 opitulantur
373 1924 418 1975 vel
427 1923 456 1975 in
467 1937 498 1975 re
508 1922 667 1990 quaerenda
675 1923 721 1975 vel
732 1921 870 1989 augenda.
897 1921 998 1989 ltaque

188 1992 285 2055 miror,
304 1993 371 2060 quid
382 1993 412 2044 in
422 1999 542 2047 mentem
553 1993 661 2053 renent
671 1991 867 2061 Theophrasto
877 1991 908 2045 in
919 2005 954 2044 eo
965 1989 998 2042 li-

188 2061 249 2124 hr'o,
260 2061 385 2127 quamde
397 2062 507 2119 divitiis
516 2062 642 2131 scripsit:
662 2063 693 2115 in
704 2078 759 2131 quo
769 2063 860 2115 multa
870 2060 998 2130 praeela-

187 2130 451 2195 re3illudahsords.
488 2135 539 2187 Est
550 2133 624 2185 enim
634 2133 739 2185 multus
748 2134 779 2184 in
788 2131 932 2184 laudanda
940 2146 999 2184 raa·

188 2200 350 2269 gnifieenua
359 2208 389 2253 et
398 2204 582 2271 apparatione
592 2203 769 2271 popularium
781 2216 941 2266 munerum3
954 2206 999 2253 ta·

189 2271 312 2337 liumque
327 2279 489 2339 sumptuum
501 2273 674 2326 ¹fereultntem
693 2273 815 2325 fructum
833 2271 998 2325 divitiarum
1038 2282 1041 2341 l

189 2346 277 2408 putat.
314 2340 385 2392 Mihi
402 2348 495 2395 autem
511 2344 564 2395 ille
577 2342 896 2413 fruetus-liberalitatis,
918 2341 997 2395 ou'us

188 2425 279 2478 panea
289 2411 417 2478 exempla
426 2412 517 2476 posui,
528 2412 618 2465 multo
630 2420 659 2464 et
668 2413 759 2467 maior
769 2411 890 2476 videtur,
899 2418 930 2465 et
939 2424 996 2463 eer-

187 2481 252 2534 tiur.
288 2482 399 2545 Quanto
410 2481 601 2549 Arist0[teles]
618 2483 730 2550 gravius
743 2489 773 2535 et
782 2483 877 2535 verius
886 2496 937 2534 nos
952 2486 997 2533 ro·

188 2549 345 2616 prehendit,
360 2547 467 2616 quihus
479 2553 663 2617 pecuniarum
677 2552 828 2605 effusiones
839 2567 897 2604 non
906 2550 998 2603 adini·

187 2631 289 2681 remur,
306 2634 378 2687 quae
389 2620 459 2671 liunt
470 2619 507 2672 ud
516 2622 723 2675 multitudinem
734 2621 944 2675 deleniendam:
963 2626 998 2672 nt

159 2696 162 2699 ’
187 2686 217 2748 ii,
228 2689 276 2756 qui
285 2689 319 2763 al
329 2689 405 2745 hoste
416 2689 586 2756 allidentur,
608 2692 728 2767 tiemaro
740 2706 829 2762 apicus
841 2690 997 2746 sextariam
