2084 3025
253 168 603 223 *consonnrro
795 168 849 226 oso
893 243 896 245 Α

27 285 84 342 que
105 272 210 325 multis
220 273 250 324 in
262 273 375 326 civitate
386 274 563 342 perfungitur
573 272 771 338 incommodis,
792 291 848 327 non

27 346 87 395 illis
102 344 221 412 quidem
232 356 329 410 parum
341 345 509 411 reipublicae
522 345 685 409 fructuosis,
706 353 755 397 aut
766 344 849 396 valde

27 416 66 466 ad
78 413 232 465 ferendum
245 416 375 481 gravibus
386 420 467 482 atque
475 412 597 481 asperis:
614 417 664 466 sed
676 432 746 483 quae
756 422 849 466 tamen

27 486 169 557 animum
188 484 341 535 sollicitent
363 490 391 534 et
412 484 546 536 humanas
572 486 699 538 miserias
720 495 849 553 augeant.

27 556 118 606 Haeo
129 554 257 621 longiori
268 554 398 605 oratione
409 556 551 622 persequi,
572 572 628 606 non
640 563 682 607 est
694 555 850 622 praesentis

29 624 179 677 instituti:
200 630 264 675 ante
276 625 372 674 oculos
383 626 476 674 onmia
486 632 558 686 sunt,
570 631 597 677 et
608 626 688 676 nobis
700 625 851 691 praecipue
872 682 875 688 ¹

30 711 67 747 re
84 695 153 760 ipsa
165 698 312 760 perspecta
327 699 355 744 et
367 695 488 759 cognita.
526 695 584 745 Nec
596 710 662 745 vero
680 697 739 746 alia
755 701 798 745 est
813 694 853 745 fe·

32 763 181 815 minarum
203 763 338 815 conditio.
374 765 430 813 Aut
451 764 523 814 enim
544 764 659 826 iisdem,
682 771 731 815 aut
752 779 852 829 parum
927 796 934 801 -

35 838 119 885 certe
141 832 261 884 diversis
283 840 312 884 et
332 833 470 884 molestiis
493 839 521 884 et
539 828 690 900 angoribus¹
705 841 851 884 vexantur.

34 904 113 957 Nam
128 909 156 953 et
168 902 266 953 iisdem
277 903 397 965 morbis,
416 903 516 969 quibus
527 903 594 966 riri,
615 910 642 955 ot
652 904 752 954 iisdem
762 904 852 954 ‘animi

34 972 303 1042 perturbationibus
326 973 482 1041 mentisque
507 974 648 1024 erroribus
672 974 851 1024 obiieiuntur.

35 1045 143 1111 quue
162 1043 292 1093 miserior
307 1042 419 1093 illarum
432 1049 522 1094 status
534 1048 595 1106 est,
616 1058 669 1110 quo
681 1043 795 1093 mollior
805 1058 851 1093 na·

34 1120 122 1173 tura,
144 1118 173 1163 et
189 1112 224 1164 ad
235 1109 424 1177 propulsanda
433 1113 611 1165 incommoda
622 1113 852 1178 calamitatesque

36 1181 225 1251 perferendas
236 1181 382 1232 infirmior.
419 1183 549 1247 Easdem,
566 1199 635 1249 quas
646 1185 699 1234 viri
710 1198 743 1233 ex
754 1196 852 1249 paren·

37 1263 114 1313 tum,
125 1251 252 1312 fratrum,
263 1251 527 1313 sororum,affinium
537 1252 812 1316 interitu,molestias
823 1259 853 1303 et

39 1321 158 1376 dolores
168 1320 313 1373 hauriunt:
325 1322 443 1373 maritos
455 1337 538 1388 saepe
549 1322 652 1386 fatuos,
665 1337 760 1389 parum
774 1323 808 1373 de
820 1337 853 1374 re
884 1324 885 1327 ’

40 1391 200 1445 domestica
218 1391 371 1453 sollicitos,
394 1393 538 1457 pecuniam
550 1393 750 1458 profundentes
761 1395 852 1442 nanci-

39 1467 168 1518 scuntur.
204 1460 247 1511 Er
259 1477 312 1529 quo
325 1458 475 1532 paupertas
486 1466 514 1511 et
525 1461 624 1512 luctus.
650 1463 756 1524 Quibus
767 1462 851 1512 malis

40 1548 79 1587 eo
92 1537 251 1598 premuntur
261 1534 383 1599 gravius,
406 1530 479 1597 quod
491 1546 555 1593 non,
578 1538 609 1582 ut
621 1531 756 1593 homines,
771 1532 851 1584 inda·

40 1618 113 1673 gare
124 1606 249 1668 possunt,
257 1615 311 1669 qua
322 1601 440 1652 maxime
452 1600 562 1652 ratione
573 1602 736 1653 medeantur
747 1603 851 1652 incom-

40 1671 151 1733 modis,
172 1670 310 1739 rebusque
330 1672 387 1722 suis
405 1671 558 1721 consulant.
592 1672 736 1738 ¹Quantum
753 1672 851 1723 Tullia

41 1756 110 1804 mea
120 1757 153 1792 ex
166 1742 253 1807 patris
264 1740 363 1793 exsilio
376 1739 491 1801 doloris,
500 1748 633 1806 quantum
645 1757 679 1793 ex
686 1742 850 1792 maritorum

43 1811 184 1865 aerumnis
205 1817 233 1862 et
252 1809 463 1862 difficultatibus
475 1809 567 1861 luctus
579 1812 781 1877 molestiaeque
791 1825 852 1877 per·

45 1879 134 1948 oepit!
156 1881 193 1932 Et
213 1880 337 1948 quamvis
356 1878 477 1945 optanda
493 1881 578 1930 etiam
595 1882 707 1932 minime
723 1897 811 1948 pauca
822 1881 852 1930 in

44 1952 110 2004 rita
120 1950 236 2012 riderit;
257 1949 394 1999 malorum
413 1955 506 1999 tamen
517 1965 668 2015 paucorum
678 1952 784 2015 sensus,
805 1950 852 2009 rel

47 2020 217 2078 doctissimis
227 2017 385 2070 hominibus
395 2018 597 2082 iudicantibus,
619 2023 661 2071 ita
672 2024 788 2092 acerbus
799 2028 851 2080 est,

47 2096 83 2142 ut
92 2089 169 2142 bonis
179 2090 224 2141 rel
236 2088 364 2156 plurimis
374 2094 402 2140 et
412 2089 538 2154 maximis
550 2098 691 2157 aequetur,
712 2091 850 2143 interdum

48 2160 144 2224 etiam>
157 2158 340 2226 praeferatur.
376 2158 520 2210 Permulta
534 2167 681 2226 praeterea
691 2162 720 2211 in
742 2159 794 2210 hoc
806 2174 852 2226 ge·

46 2245 116 2284 nere
126 2236 195 2292 sunt,
217 2245 287 2297 quae
298 2227 417 2280 reticere
428 2235 563 2295 praestat,
574 2244 656 2296 quam
667 2230 759 2282 edere.
796 2228 852 2281 Sed

49 2315 150 2367 magna
160 2306 248 2362 certe,
269 2299 315 2350 vel
326 2298 380 2350 hoc
390 2315 444 2349 uno
456 2300 576 2360 nomine,
595 2298 761 2350 feminarum
773 2300 854 2350 mise·

49 2371 96 2423 ria
106 2375 155 2431 est,
167 2368 250 2437 quod,
261 2368 505 2435 quamd'nr'virunt,
522 2384 620 2434 parere
631 2385 741 2436 semper
751 2385 854 2437 cogun·
912 2362 926 2375 ”

51 2448 107 2494 tur.
139 2441 192 2491 llut
203 2440 276 2491 enim
286 2440 418 2507 innuptae
429 2439 590 2504 parentibus
602 2445 631 2490 et
642 2439 782 2492 affinibus:
804 2444 855 2490 aut

47 2505 154 2577 ‘nuptae
171 2509 278 2563 maritis
287 2514 387 2576 parent
399 2514 427 2560 et
438 2508 575 2560 serviunt.
612 2508 678 2572 Sic,
691 2508 752 2577 ‹quo
762 2511 853 2560 minus

53 2583 163 2644 liberae,
174 2597 206 2645 eq
218 2581 310 2645 magis
322 2580 448 2641 miserae,
465 2595 516 2632 nee
527 2595 655 2647 umquam
667 2581 781 2643 liberae,
801 2581 855 2634 nisi

56 2668 72 2706 e
89 2653 143 2705 rita
157 2651 306 2719 profectae.
344 2651 420 2720 Ergo
437 2657 566 2703 mortuae
584 2652 683 2703 beatae
695 2652 850 2704 censendas

57 2727 142 2779 erunt.
170 2722 229 2778 Neo
238 2734 304 2777 sane
315 2718 406 2787 rideo,
418 2720 484 2791 quid
496 2723 588 2845 aptiqp
602 2719 659 2844 dipl
670 2724 766 2790 possit.
786 2722 853 2777 Sed,
