2084 3025
187 147 237 200 1⁷8
402 143 459 198 Du
476 143 768 199 DIVINATIONE

113 282 115 293 ·
187 247 317 312 rhachio,
338 242 421 317 quum
439 249 589 303 Praetorio
608 249 726 317 irnperio
745 235 846 301 classis
864 245 990 303 Rhodiae

186 324 342 387 praeesset,
365 334 427 370 cum
448 319 546 386 primis
566 318 706 371 hominem
726 318 891 386 prudentem
909 324 991 387 atque

187 390 314 445 doctum:
336 403 452 456 eumque
463 388 577 450 dixisse,
588 389 722 457 remigem
734 389 881 456 quemdam
891 405 907 441 e
918 389 992 456 quiu-

187 458 310 526 queremi
320 456 491 509 Rhodiorum
499 458 888 521 summumne-madefactum
900 459 936 509 iri
944 459 993 510 mi·

187 544 239 580 nus
251 542 308 580 xxx
318 526 415 580 diebus
428 528 575 580 Graeciam
585 528 731 594 sanguine:
749 529 861 594 rapinas
871 527 995 595 Dyrrha·

188 596 244 649 elii
260 603 288 648 et
302 598 527 650 conscensionem
542 600 572 649 in
586 614 671 650 naves
685 613 748 648 curn
764 597 845 665 fuga3
862 597 996 665 fugienti·

186 668 293 736 busque
301 667 487 731 miserabilem
495 673 653 735 respectum
660 667 852 735 incendiorum
860 667 934 718 forez
945 666 996 719 sed

187 735 361 789 RhodIorum
382 738 464 788 classi
487 739 670 804 propinquum
690 737 811 789 reditum
831 752 865 788 ae
884 735 995 788 domurn

187 804 303 859 itionem
315 807 387 859 dori:
409 815 469 860 tum
485 823 574 874 neque
589 814 618 859 te
632 808 723 873 ipsum
737 822 793 858 non
804 821 865 858 esse
876 821 997 858 commo·

188 884 260 928 tum:
277 877 457 945 Marcumque
466 875 622 928 Varronem
632 884 661 929 et
669 876 709 928 M.
720 878 864 939 Catonem,
876 874 922 942 qui
933 882 994 928 tum

187 944 228 997 ibi
254 953 342 1009 erent,
365 947 463 997 doctos
474 944 609 1008 homines,
631 944 806 998 vehementer
817 961 879 997 esse
890 951 1011 1011 perter··

95 1056 98 1061 .
188 1016 271 1068 ritos:
290 1016 387 1083 paucis
397 1031 463 1069 sane
473 1022 537 1083 post
549 1016 646 1068 diebus
657 1014 861 1081 exPharsalicn
870 1013 996 1083 fugare·

188 1087 264 1138 nisse
275 1084 441 1157 Labienum:
461 1086 508 1152 qui
523 1102 607 1153 quum
620 1086 764 1138 interitum
776 1087 915 1137 exercitus
930 1100 997 1136 nun-

188 1154 333 1218 tiavisset,
352 1155 405 1206 reli
424 1160 460 1207 tle
471 1156 681 1208 vaticinationis
697 1155 776 1208 brevi
786 1171 847 1206 esse
858 1154 997 1207 confecta.

188 1225 232 1277 oe.
247 1224 319 1276 Nam
331 1230 404 1276 etex
435 1226 523 1277 erreis
535 1212 675 1293 direptum
690 1225 864 1292 effusumque
876 1224 1000 1277 frumen-

98 1360 105 1365 ,
189 1301 250 1348 tum
261 1293 321 1344 rins
337 1295 432 1349 omnes
447 1294 664 1362 angiportusque
679 1301 885 1346 constraverat:
905 1301 935 1346 ct
950 1309 1001 1347 na·

189 1379 238 1416 ves
248 1364 342 1415 subito
354 1365 498 1430 perterriti
509 1370 585 1416 metu
596 1365 805 1428 conscendistis3
825 1373 855 1416 et
865 1369 950 1416 unctu
961 1363 997 1415 ati

190 1433 323 1501 oppidum
333 1433 522 1502 respicientes,
542 1433 694 1502 flagrantes
707 1434 859 1498 onerarIns,
879 1446 947 1502 quas
957 1433 1001 1485 in-

191 1503 340 1557 cenderant
356 1505 468 1568 milites,
491 1504 556 1573 quia
575 1505 653 1572 sequi
670 1506 824 1568 noluerant,
844 1503 1001 1557 videbatisr

190 1582 332 1642 postremo
343 1592 361 1628 a
371 1575 480 1628 Rhodia
490 1576 580 1646 classe
590 1574 703 1640 deserti,
719 1590 815 1629 verum
826 1580 920 1629 vatem
931 1573 1002 1627 iuis·

189 1660 220 1696 se
231 1646 364 1699 sensistis.

243 1716 285 1767 70.
297 1715 431 1782 Exposui,
440 1730 522 1782 quam
535 1714 695 1767 brevissime
706 1715 795 1783 potui,
805 1712 908 1767 somnii
918 1720 948 1766 et
960 1714 1003 1768 fu·

189 1784 262 1837 roris
279 1784 406 1848 oracula,
427 1799 498 1851 quoe
513 1800 609 1836 carere
624 1791 685 1837 orte
700 1785 836 1837 dixeram.
872 1783 1003 1847 Quorum

190 1854 334 1907 amborum
346 1868 477 1919 generum
493 1869 549 1905 una
564 1856 638 1906 ratio
650 1862 706 1918 est,
726 1870 781 1922 qua
791 1855 939 1922 ¹Cratippus
950 1849 1003 1907 no'·

189 1931 248 1976 ster
258 1923 300 1975 uti
309 1923 394 1974 solet:
411 1923 518 1976 animos
530 1922 671 1976 hominum
683 1925 802 1993 quedam
814 1931 941 1992 exparte
954 1939 1008 1978 οι».

189 1994 325 2046 trinsecus
342 2007 403 2044 csse
418 1999 525 2045 tractos
541 2000 569 2045 et
585 1992 709 2047 haustos.
745 1995 790 2045 Ex
800 2010 855 2061 quo
865 1993 1004 2061 intelligi·

189 2071 245 2124 tur,
267 2079 328 2115 esse
339 2070 419 2114 extra
429 2062 550 2114 divinum
562 2064 696 2128 animum,
717 2062 855 2116 humanus
865 2065 939 2117 unde
953 2065 1005 2118 du·

190 2138 281 2186 eatur:
302 2131 415 2185 humani
426 2139 518 2185 autem
530 2134 615 2185 animi
630 2150 691 2186 eam
709 2141 831 2200 partem,
852 2150 924 2202 quae
938 2150 1005 2187 sen·
1026 2184 1035 2192 .

122 2227 129 2234 ·
189 2218 259 2264 sum,
276 2219 346 2271 quae
358 2210 472 2263 motum,
488 2219 559 2271 quae
571 2205 725 2272 appetitum
736 2203 849 2268 habeat,
868 2220 924 2256 non
937 2207 1005 2258 esse?
1027 2231 1031 2236 ·

189 2271 223 2323 ab
235 2273 345 2326 actione
357 2273 481 2340 eorporis
491 2274 661 2341 seiugatam:
676 2289 747 2341 quae
758 2278 852 2326 autem
864 2289 932 2341 pars
942 2275 1006 2326 ani-

105 2391 107 2394 .
189 2342 242 2405 mi,
262 2343 379 2395 rationis
391 2351 474 2411 etque
489 2342 692 2412 intelligentiae
707 2345 745 2395 sit
759 2344 915 2412 particeps,
937 2359 1006 2397 eam

188 2418 245 2464 tum
257 2413 377 2466 maxime
386 2414 489 2481 rigere,
501 2428 583 2479 quum
595 2413 743 2480 plurimum
756 2414 860 2467 absita
868 2417 1007 2482 corpore.

188 2469 348 2550 71.·ltaquc
367 2479 503 2548 expositis
523 2483 658 2549 exemplis
679 2499 807 2536 verarum
821 2485 1008 2538 vaticinatio·

187 2568 251 2610 num
264 2560 292 2606 et
301 2551 481 2613 somniorum,
492 2553 643 2618 cratippus
652 2553 725 2606 solet
736 2555 875 2608 rationem
886 2555 1008 2608 coriciu-

186 2622 253 2674 ‹lere
269 2621 321 2675 hoc
331 2620 424 2673 modo.
461 2619 510 2683 „Si
525 2622 584 2673 sine
600 2623 688 2674 oeulis
704 2640 760 2676 non
775 2630 869 2692 potest
885 2634 1009 2679 exstare

188 2691 309 2744 officium
319 2697 349 2743 et
357 2703 455 2740 nrunus
467 2690 624 2755 oculorum3
635 2700 753 2759 possunt
762 2700 857 2747 autem
865 2689 1007 2764 aliquan·

188 2894 232 2942 a?
272 2904 299 2924 ·.
