2084 3025
314 187 394 276 LlB.
413 190 435 248 Ι.
453 189 456 193 ’
471 192 557 252 CAP.
577 189 601 247 1.
618 195 644 246 2.
834 195 886 249 203

91 296 261 357 contudisset,
272 302 321 347 aut
333 296 543 363 apertis‘huius
555 301 630 349 urbis
642 274 768 352 aluisum
776 300 884 352 ΒΑΜ-

81 373 165 421 'mnus
186 367 365 431 emnpulisset
378 369 455 425 ¹intra
471 366 593 427 huet-ium
609 371 729 435 irreenia.
766 370 805 421 Μ.
818 386 885 421 sere

91 437 192 496 Cateni,
212 435 316 488 hendni
328 437 425 504 ignote
438 444 465 487 et
475 455 559 499 nuru,
578 455 630 505 que
644 456 753 501 omnes,
777 442 823 506 qui
838 441 887 493 iis⁴

88 508 146 563 dem
156 507 235 558 rebus
247 507 404 568 studemus,
421 509 498 574 quasi
510 510 664 574 exemplari
676 510 709 560 ad
719 509 888 564 industriam

86 578 264 642 virtutemque
275 576 415 638 ducimur,
436 581 513 629 certe
524 579 605 629 licuit
616 580 732 629 'l‘usenli
745 595 774 629 se
786 579 813 627 in
826 578 885 630 otiu

87 645 228 706 delectare,
245 646 351 698 salubri
362 654 391 697 et
402 649 559 714 propinque
569 649 643 701 lece.
680 648 735 699 Sed
748 647 829 700 hume
838 648 887 700 ,de-
968 663 972 668 ’

84 728 170 776 mens,
192 722 223 766 ut
238 716 287 773 isti
304 715 415 782 putant,
437 733 518 786 quum
537 713 650 784 eogeret
662 734 723 768 eum
736 718 885 768 necessitas

84 785 170 844 nulla,
190 785 219 835 in
235 784 278 836 bis
294 786 374 836 undis
387 792 414 837 et
428 788 642 852 tempestatibus
655 788 689 837 ad
701 797 835 854 snnmram
845 804 886 839 se·

83 861 217 907 nectutem
230 855 458 918 malnit'ieetari,
479 872 561 923 quam
578 858 669 908 inille
680 857 885 923 tranquillitate

83 931 164 991 utque
180 926 237 977 etie
252 921 450 977 iucundissime
462 926 567 977 risere.
605 928 713 978 Omitte
726 928 886 980 innumera·

82 995 151 1058 biles
165 995 254 1055 vires,
277 1011 392 1063 querum
409 992 513 1062 singuli
532 996 618 1046 saluti
631 995 693 1053 huie
705 998 814 1047 civitati
828 996 886 1048 fue·

81 1072 156 1118 runt:
178 1072 206 1117 et
225 1066 352 1132 quisunt
368 1066 466 1132 procul
482 1066 515 1116 ab
534 1068 636 1116 aetatis
648 1066 729 1123 buius
741 1067 886 1128 memoria,

80 1150 296 1189 crimmemerare
308 1151 356 1186 ees
370 1136 476 1196 desine,
489 1151 521 1185 ne
534 1138 596 1203 quis
608 1152 638 1186 se
650 1141 698 1187 au't
711 1153 823 1187 suerum
835 1136 885 1186 ali·

79 1220 158 1272 quem
171 1206 398 1272 praetermissum
417 1211 557 1274 querattu'.
598 1207 685 1262 Unum
701 1206 754 1257 bec
775 1206 885 1268 definio,

78 1280 184 1328 tantam
197 1291 256 1333 esse
276 1275 595 1328 necessitatenfrirtutis
606 1277 703 1342 generi
713 1275 855 1331 hominnm
868 1291 885 1327 a
974 1292 978 1300 ·

75 1349 191 1406 natura,
213 1350 378 1411 tantumque
395 1360 517 1395 emerem
531 1345 566 1395 ad
578 1361 751 1395 communem
764 1345 886 1395 salutem

75 1413 276 1482 defendendam
301 1415 409 1476 datum,
420 1420 460 1465 ut
477 1430 513 1467 ea
528 1416 571 1470 vis
588 1414 886 1468 omniablandimenta

75 1484 228 1551 voluptatis
236 1485 346 1551 otiique
360 1485 468 1535 vicerit.
638 1485 642 1489 ‘
843 1522 848 1529 ,

28 1601 35 1605 .
127 1554 162 1606 ΙΙ.
182 1554 243 1609 ,Nee
255 1555 434 1606 vereb'abere
446 1555 581 1606 virtutem
592 1554 659 1613 eatis
672 1560 728 1618 est,
751 1554 830 1622 quasi
842 1568 885 1606 ar*
936 1578 941 1583 ·

71 1630 132 1676 tem
144 1625 275 1692 aliquam,
293 1625 346 1675 nisi
356 1632 446 1677 utare.
484 1626 547 1677 Etsi
556 1641 604 1675 ars
616 1626 735 1691 quidem,
758 1640 840 1691 quum
851 1638 885 1675 eu

70 1708 129 1749 nen
141 1701 237 1755 utare,
253 1695 376 1746 <seientia
385 1702 481 1754 tamen
491 1695 553 1762 ipsa
563 1696 652 1747 teneri
664 1702 771 1762 peteet.;
794 1694 884 1745 virtus

68 1765 100 1827 in
117 1778 172 1828 usu
189 1764 235 1813 sui
249 1770 311 1814 teta
323 1766 419 1831 posita
439 1772 495 1828 θείς
517 1780 583 1815 usus
595 1771 689 1817 autern
700 1766 761 1817 eius
773 1771 816 1816 est
828 1779 884 1814 ma·

67 1834 167 1887 ximus
180 1834 303 1885 civitatis
312 1836 490 1901 gubernatio,
501 1841 530 1886 et
540 1850 635 1886 earum
647 1836 774 1903 ipsarum
782 1848 884 1894 rerum,

67 1918 144 1972 quas
155 1903 203 1956 isti
214 1904 243 1953 in
254 1905 363 1970 angulis
375 1914 533 1970 perennant,
553 1920 659 1971 reapse,
679 1922 735 1957 nen
746 1909 884 1965 erutione,

64 1972 221 2040 perfectio.
258 1972 342 2024 Nihil
358 1974 429 2025 enim
445 1974 549 2026 dicitur
564 1990 581 2025 a
594 1973 785 2041 pbilosophis,
808 1973 884 2041 qued

64 2042 186 2110 quidem
198 2048 276 2094 reete
286 2042 458 2111 honesteque
469 2045 595 2106 dicatur,
615 2046 689 2112 quod
701 2048 777 2104 nen*
794 2045 829 2096 ab
841 2042 884 2094 his

62 2119 185 2180 partum
195 2113 443 2180 *confirmatumque
454 2115 499 2177 sit,
512 2130 529 2166 a
540 2115 638 2183 quibus
650 2115 810 2166 civitatibus
822 2115 883 2164 iura

61 2183 216 2248 descripta
226 2189 299 2234 sunt,
336 2183 415 2236 Unde
427 2184 499 2235 enim
509 2184 619 2250 pietas!
638 2192 686 2235 aut
701 2201 719 2237 a
731 2185 830 2251 quibus
842 2190 883 2233 r'e·

59 2252 166 2320 ligrot
188 2251 262 2303 unde
279 2253 321 2308 ius
343 2259 392 2303 aut
405 2254 548 2319 gentium,
568 2259 617 2304 aut
632 2253 685 2304 hec
697 2254 791 2318 ipsum
803 2251 883 2302 civile

58 2321 147 2390 quod
161 2321 282 2375 dieitur-i
303 2322 376 2372 unde
388 2323 517 2383 iustitia,
540 2323 623 2383 tides,
645 2322 788 2388 aequites?
810 2320 882 2371 unde

54 2391 173 2462 pudor,
186 2392 439 2459 continentiafuga
453 2391 646 2457 turpdtudinis,
654 2391 815 2457 appetentia
825 2391 883 2441 luu-

53 2462 109 2514 dis
123 2466 157 2512 et
171 2460 348 2516 honestatisl
364 2461 436 2513 unde
448 2463 475 2512 iri
488 2461 632 2513 laboribus
645 2469 673 2512 et
684 2459 815 2525 perieulis
827 2458 885 2512 fer·

50 2531 184 2583 titudo?
196 2545 295 2598 nempe
306 2533 341 2583 ab
352 2529 404 2594 bis,
417 2533 464 2599 qui
476 2530 546 2582 haec
558 2531 712 2597 disciplinis
723 2528 888 2592 informata<

49 2601 123 2652 alin
136 2601 267 2651 moribus
279 2601 490 2665 confirmarunt,
512 2607 664 2652 sanxerunt
675 2606 767 2655 autem
779 2599 839 2649 elia
845 2599 883 2650 le·

48 2671 164 2742 gibus.
202 2669 275 2730 Quin
292 2671 377 2721 etiarn
388 2672 574 2723 Xenocratem
591 2671 700 2732 ferunt,
721 2669 883 2739 nobilem-in

41 2740 168 2809 ‘primis
184 2737 397 2808 philosophum,
420 2740 503 2810 quum
514 2747 697 2809 quaereretur
712 2755 747 2795 ex
757 2755 800 2803 ee,
817 2736 883 2802 quid
