2084 3025
142 63 195 159 <⁴00
387 138 394 145 .
448 94 648 150 ananius
680 91 702 117 ⁹²

98 250 101 257 .
161 203 263 256 deinde
272 201 366 264 etiam,
389 207 521 274 quantum
531 201 599 263 ille,
614 214 694 266 quem
706 197 904 269 diligasatquo
916 199 966 252 ad·

91 292 93 295 ’
159 274 253 334 iuves,
271 273 419 323 sustinete.
457 272 519 325 Non
532 272 605 322 enim
621 278 651 320 tu
662 269 767 337 possis,
787 269 966 336 quantumvis

160 341 293 404 excellas,
305 356 399 392 omnes
412 346 476 393 tuos
487 339 524 390 ad
535 339 656 391 honores
667 339 856 404 amplissimos
866 339 968 405 perdu-

160 426 237 464 cere:
248 417 279 461 ut
288 409 381 476 Scipio
391 409 423 461 Ρ.
433 409 574 475 Rupilium
585 409 676 475 potuit
683 408 830 460 Consulem
841 408 968 472 efficere}

159 481 275 534 fratrem
288 479 348 530 eius
358 478 475 530 Lucium
484 493 541 529 non
550 478 652 544 potuit.
680 477 892 539 Quodsictiam
902 493 968 545 pos·

160 551 199 602 sis
212 549 321 615 quidvis
332 547 442 600 deferre
452 547 488 598 ad
498 547 632 610 alterum,
650 547 799 599 videndum
809 555 967 610 esttamen,

130 662 136 669 ,
161 619 228 688 quid
237 619 287 684 ille
297 618 391 685 possit
398 618 543 669 sustinere.
562 616 605 668 74.
614 617 732 671 Omnino
743 617 895 679 amicitiae,
905 632 967 668 cor-

155 684 300 742 'roboratis
310 676 366 738 imin
378 687 602 752 confirmatisque
612 693 641 738 et
650 687 769 754 ingeniis
778 693 807 738 et
813 686 967 749 aetatibus,

160 756 326 810 iudicandae
337 764 412 809 sunt:
432 772 498 826 nec,
516 755 601 822 siqui
617 755 729 808 ineunte
741 762 834 810 aetate
843 754 967 808 venandi

162 834 211 894 aut
230 827 304 894 pilae
324 826 444 878 studiosi
464 824 578 887 fuerint,
598 840 646 877 eos
666 823 771 878 habere
789 827 966 878 necessarios

158 903 282 967 oportet,
293 903 431 963 questum
438 895 536 948 eodem
547 894 641 945 studio
648 895 789 963 praeditos
796 896 966 947 dilexerunt.

160 969 219 1022 Isto
231 967 303 1018 enim
314 964 396 1016 medo
408 965 532 1016 nutrices
540 969 569 1016 et
580 964 738 1033 paedagogi
747 964 992 1018 innectamus·-

160 1037 309 1108 plurimum
318 1033 532 1086 benevolentiae
543 1033 737 1098 postulabunt3
747 1036 795 1102 qui
805 1032 968 1103 negligendi

161 1096 271 1175 qu'idem
291 1117 347 1153 non
368 1109 441 1166 sunt,
459 1103 509 1154 sed
532 1102 588 1153 alio
609 1103 728 1171 quodam
746 1105 840 1156 modo.
876 1104 968 1156 Aliter

159 1172 302 1241 amicitiae
313 1171 429 1225 stabiles
440 1187 603 1239 permanere
611 1187 669 1224 non
676 1180 802 1239 possunt.
830 1174 967 1240 Dispares

161 1245 235 1298 enim
245 1256 336 1294 mores
349 1241 473 1309 disparia
483 1241 580 1293 studia
594 1249 759 1308 sequuntur,
780 1258 897 1311 quorum
912 1243 966 1293 dis·

160 1312 316 1366 similitudo
328 1311 462 1364 dissociat
473 1311 625 1364 amicitiast
637 1327 689 1362 nec
701 1313 736 1363 ol)
747 1313 966 1364 aliamcaussam

160 1384 247 1435 ullam
256 1382 324 1434 boni
338 1381 489 1448 improbis,
506 1380 628 1447 improbi
642 1381 722 1432 bonis
737 1383 822 1434 amici
837 1397 898 1433 esse
910 1395 967 1432 nou

160 1457 287 1524 possunt,
307 1451 743 1520 nisiquodtantaestintereos,
763 1449 971 1521 qunantamaxi·

160 1539 207 1575 ma
217 1527 311 1589 petest
322 1537 391 1585 esse,
402 1537 510 1574 morum
520 1520 729 1588 studiorumque
740 1521 885 1575 distantia.
923 1519 966 1573 75.

100 1615 106 1632 ¹
161 1591 248 1648 Recte
259 1590 346 1646 etiam
356 1591 480 1661 praecipi
490 1596 584 1657 potest
592 1591 622 1642 in
633 1592 776 1654 amicitiis,
788 1607 823 1644 no
833 1592 967 1658 intempe·
1031 1593 1037 1630 t

160 1668 225 1713 rata
235 1661 370 1728 quaedam
381 1661 586 1723 benevolentia,
597 1661 671 1727 quod
682 1676 816 1730 persaepe
828 1662 869 1724 fit,
880 1663 966 1726 impe·

162 1730 224 1798 diat
234 1746 348 1799 magnas
358 1731 498 1782 utilitates
514 1728 673 1782 amicorum.
709 1731 736 1782 N
737 1747 770 1783 ec
780 1732 866 1793 enisu,
886 1737 918 1780 ut
929 1727 966 1780 ad

160 1799 272 1853 fabulas
282 1800 407 1862 redeam,
417 1801 533 1854 Troiam
539 1800 742 1866 Neoptolemus
752 1799 966 1867 capenepotuis·

161 1876 214 1931 set,
226 1870 251 1919 si
262 1868 461 1937 Lycomedem,
472 1869 547 1935 apud
557 1884 638 1934 quem
649 1876 708 1921 erat
714 1870 857 1932 educatus,
870 1868 964 1920 multis

161 1954 222 1991 cum
234 1937 356 1989 lacrimis
365 1938 420 1991 iter
429 1953 508 1989 suum
519 1937 732 2004 impedientem,
754 1939 853 1991 auclino
863 1938 965 1990 voluis·

161 2076 200 2127 sit
211 2076 245 2127 ab
258 2076 367 2127 amicis:
389 2093 457 2143 quas
470 2077 518 2144 qui
529 2076 664 2143 impedire
678 2078 751 2141 vult,
767 2078 848 2146 ‚quod
859 2076 966 2130 deside·

160 2146 233 2198 rium
244 2159 298 2196 non
310 2144 393 2199 facile
405 2146 488 2209 ferat,
497 2147 526 2198 io
535 2152 563 2198 et
573 2145 698 2198 infirmus
711 2154 754 2198 est
764 2147 965 2216 mollisquona·

66 2255 68 2260 .
161 2221 237 2279 tura,
252 2224 280 2267 et
290 2213 325 2268 ob
336 2231 398 2267 eam
408 2218 497 2284 ipsam
508 2231 635 2270 caussam
644 2216 673 2267 in
683 2217 809 2269 amicitia
818 2231 918 2284 parum
926 2216 966 2265 iu-

1023 1901 1036 1954 ‘l

161 2013 216 2060 set.
250 2007 289 2057 Et
299 2022 382 2074 saepe
394 2006 519 2058 incidunt
530 2022 648 2074 magnae
659 2022 713 2070 res,
723 2015 756 2060 ut
766 2008 967 2061 ‹liscedendum‘
1035 1967 1036 2042 d

161 2290 231 2336 stus.
267 2284 310 2335 ⁷6.
324 2286 413 2353 litque
429 2286 456 2336 in
473 2288 549 2337 omni
563 2301 594 2339 re
611 2279 845 2338 considerandum
862 2293 920 2349 est,
938 2291 965 2336 et
1033 2307 1035 2330 2

159 2353 229 2471 guid
243 2353 369 2420 postules
384 2355 426 2407 al)v
435 2356 544 2419 amico,
562 2361 592 2407 et
607 2354 673 2422 quid
684 2356 792 2424 patiare
808 2371 826 2408 a
840 2363 870 2409 te
880 2357 965 2425 impe«

155 2496 161 2510 ‘
175 2436 358 2544 rarlliXI.‘llst
369 2492 453 2544 etiam
464 2495 545 2560 quasi
556 2493 690 2560 quaedam
701 2497 848 2548 calamitas
859 2495 889 2547 in
899 2491 963 2547 ami·

160 2556 234 2618 citiis
247 2558 419 2613 dimittendis
429 2577 634 2628 nonnumquam
645 2566 815 2616 necessaria:
826 2566 883 2616 iam
890 2565 962 2616 enim
1034 2587 1035 2602 π

161 2628 357 2696 asapientium
371 2627 617 2688 familiaritatibus
633 2634 670 2687 ad
682 2634 813 2705 vulgares
823 2634 961 2687 amicitias
1034 2671 1035 2688 1
