2084 3025
273 36 394 95 ulus
429 35 514 93 clo.
534 34 647 96 121³(
814 35 849 97 tt

23 156 158 214 tngores,
177 142 228 211 qni
238 158 298 196 sese
309 148 396 211 neget
406 142 518 196 omnino
531 142 566 197 de
574 144 639 196 Diis
647 141 762 206 hulme,
775 142 850 211 quud

24 217 150 283 liqueat,
167 213 239 275 sint,
252 225 307 263 nou
316 212 384 275 sint,
394 211 524 280 qualesve
534 214 599 277 siut,
613 213 765 281 quidquem
774 211 851 266 vids-

25 295 67 338 tur
78 284 120 336 de
133 289 247 333 natura
260 281 383 348 Deorum
393 282 538 349 suspicari.
576 283 651 345 Quid
662 282 851 346 Democritus,

24 355 71 424 qui
84 361 153 405 tum
165 351 308 417 imagines
320 367 473 419 eurumque
484 352 617 405 circuitus
627 353 657 404 in
667 352 791 404 Deorum
802 366 852 402 nu·

11 439 107 477 ¹mero
120 420 234 483 reiert,
253 427 312 474 tum
323 416 402 472 illam
412 427 549 485 namnam,
563 438 635 489 quoe
644 422 780 489 imagines
791 419 852 472 lun·

11 494 76 549 ,dat
90 508 129 544 ao
145 489 259 552 mittet,
278 496 340 543 tum
354 483 502 544 scientiam
519 493 793 559 intelligentiamque
804 504 851 542 no·

23 571 129 624 stram,
142 575 241 612 nonne
250 559 281 610 in
292 559 664 614 maximoerroreversaturt
676 562 766 623 Quum
776 558 851 611 idem

25 633 169 691 omnino,
191 624 339 694 quinnihil
349 643 458 692 semper
468 643 520 680 suo
532 637 609 683 matrs
621 637 748 692 monost,
767 634 852 695 neget

26 717 89 755 esse
109 695 274 765 quidquam
294 696 508 761 sempitemumr
529 699 721 751 nouoeDeum
738 699 851 750 omuino

25 773 68 824 ita
79 767 182 829 tollit,
197 771 231 816 ut
242 763 346 815 nullam
358 766 518 831 opinionem
529 766 589 819 eius
598 768 737 835 reliquum
748 764 851 819 [minti

11 839 104 906 *Quid
127 840 199 897 aer,
226 848 280 900 quo
298 833 441 902 Diogenes
459 834 653 901 Apolloniates
672 839 762 888 utitur
780 835 852 899 Deo,

26 925 115 978 quem
127 917 251 959 sensum
262 898 362 955 habere
374 908 475 971 potest,
496 910 547 956 nut
557 920 639 971 quum
649 904 769 957 formum
779 903 851 957 neit

25 980 69 1033 30.
86 980 157 1029 lam
171 973 210 1028 de
219 971 346 1026 Platonis
360 973 550 1026 inconstuntia
564 973 677 1041 longum
689 981 733 1028 ent
743 973 852 1039 dinem

25 1050 76 1119 qui
86 1048 123 1099 in
133 1044 274 1105 Timaeo,
293 1048 402 1108 partem
417 1038 498 1094 huius
508 1043 606 1094 mundi
620 1044 759 1100 nominari
767 1049 852 1113 neget

11 1129 12 1174 l
23 1132 132 1187 posse:
155 1114 189 1165 in
199 1110 293 1178 legum
304 1119 397 1165 autem
407 1105 501 1175 libris,
519 1111 586 1180 quid
596 1113 633 1165 sit
644 1115 755 1166 omuino
765 1113 854 1178 Dour,

11 1684 13 1743 ν

25 1183 152 1255 anquiri
169 1187 303 1249 oportere
317 1196 373 1233 non
388 1187 509 1234 censeat.
546 1183 627 1244 Quod
641 1185 780 1236 venusino
792 1198 852 1234 cor·

25 1272 101 1328 pore
113 1253 181 1306 ullo
193 1252 284 1302 Deum
294 1248 353 1302 'vult
365 1266 440 1314 esse,
459 1258 491 1301 ut
501 1251 605 1304 Graeci
615 1253 724 1317 dieunt,
744 1248 852 1318 ἀσώμα-

25 1343 93 1391 τονς
104 1323 141 1375 iri
153 1321 241 1388 quale
250 1334 310 1373 esse
319 1321 419 1387 possit,
429 1320 555 1388 intelligi
564 1336 620 1373 non
630 1328 732 1389 potest.
750 1321 852 1373 Carent

27 1395 110 1448 enim
123 1406 223 1453 sensu,
238 1405 348 1444 neeesse
358 1397 411 1454 est,
429 1397 523 1442 enrest
533 1392 621 1443 etiam
635 1391 794 1458 prudentio,
807 1406 852 1442 cn·

25 1472 96 1519 rent
113 1460 280 1528 voluptate:
301 1476 372 1529 quae
383 1459 477 1514 omnin
485 1477 542 1514 uun
551 1477 612 1514 cum
623 1461 747 1515 Deorum
759 1461 852 1512 notio·

26 1551 65 1588 ne
79 1526 361 1600 comprehendimus.
397 1531 474 1585 idem
485 1530 554 1583 etin
564 1532 682 1583 Timaeo
693 1532 772 1593 dicit,
783 1536 812 1583 et
822 1530 852 1583 ln

26 1602 160 1670 legibus,
175 1597 350 1653 otmundum
360 1598 450 1653 Deum
461 1616 533 1664 esse,
548 1606 577 1652 et
592 1601 711 1662 eaelum,
726 1606 755 1652 et
765 1606 852 1663 astru

26 1679 63 1726 et
75 1679 195 1732 terram,
205 1676 235 1723 et
247 1668 365 1731 ultimos,
378 1677 406 1722 et
417 1686 474 1734 eos,
486 1684 556 1738 quos
566 1668 704 1721 maiorum
713 1669 852 1723 institutis

25 1741 212 1807 accepimus:
226 1754 298 1805 quoe
310 1744 338 1790 et
348 1754 398 1806 per
409 1746 511 1792 sesunt
522 1739 597 1791 falsa
606 1740 759 1808 perspicue,
771 1738 851 1792 etin·

11 1824 12 1827 ’
24 1818 77 1863 ter
91 1826 159 1862 sese
175 1804 357 1860 vehementer
371 1808 566 1876 repugnantis.
602 1809 646 1863 31.
663 1812 753 1877 Atque
764 1810 851 1864 etium

25 1876 199 1945 Xenophon
210 1876 389 1943 paucioribus
398 1879 491 1931 verbis
501 1878 600 1931 eadem
610 1878 670 1932 lere
680 1887 786 1947 peccat.
798 1881 852 1933 Fe

26 1949 70 2004 eit
80 1949 166 2002 enim
181 1946 212 1997 iu
223 1945 272 2010 iis,
291 1962 364 2014 quoe
374 1965 392 2001 n
403 1944 519 2001 Socrate
529 1949 607 2000 dictu
621 1950 732 2014 retulit,
752 1950 850 2003 Socru-

26 2028 90 2072 tem
101 2018 314 2082 disputantem,
334 2016 454 2069 formum
463 2017 519 2071 Dei
530 2019 626 2086 quaeri
638 2034 693 2071 non
705 2027 849 2087 oportere:
929 2037 934 2043 ·

26 2085 224 2152 eumdemque
244 2092 273 2137 et
291 2084 380 2140 solem
401 2094 430 2140 et
450 2089 572 2139 animum
586 2089 677 2141 Deum
693 2089 798 2143 dicere:
819 2096 851 2142 et

26 2158 120 2211 modo
131 2170 230 2217 unum,
239 2158 297 2204 tum
309 2163 402 2208 autem
413 2157 506 2224 plures
516 2156 602 2210 Deos.
638 2158 849 2219 Quaesumus

25 2227 99 2279 dem
110 2226 144 2277 in
156 2224 259 2276 errotis
269 2225 336 2288 fere,
356 2226 455 2293 quibus
467 2242 509 2287 ea,
526 2242 596 2294 quoe
608 2224 642 2280 de
652 2228 770 2280 Platone
781 2229 849 2280 diei·

24 2311 107 2349 nnus.
145 2292 224 2346 Xlll.
238 2292 280 2345 32.
294 2296 384 2361 Atque
396 2296 481 2348 etiem
492 2292 670 2349 Antisthenes
681 2298 710 2349 iu
721 2314 754 2351 eo
765 2299 848 2361 libro,

23 2367 82 2435 qui
92 2361 231 2432 physicus
243 2363 416 2427 inscribitur,
428 2364 581 2432 populures
588 2367 666 2419 Deos
676 2369 790 2428 multos,
800 2384 849 2419 no-

22 2435 158 2488 turalem
170 2446 255 2483 unum
266 2449 326 2486 esse
333 2433 435 2497 dicens,
445 2434 521 2486 tollit
530 2436 587 2487 vim
595 2444 624 2488 et
634 2445 766 2488 notorem
775 2437 849 2487 Deo·

22 2518 109 2559 rum.
146 2501 206 2555 Nec
217 2501 307 2553 multo
320 2506 399 2555 senus
409 2502 593 2571 Speusippus,
608 2504 755 2559 Platonem
766 2519 849 2556 orus»

23 2573 132 2631 sulum
154 2571 339 2640 subsequens,
365 2579 394 2626 et
414 2574 471 2627 vim
492 2574 641 2643 quamdam
661 2573 771 2635 diceus,
791 2585 849 2640 qun
