<?xml version="1.0" encoding="UTF-8"?>
<!DOCTYPE html PUBLIC "-//W3C//DTD XHTML 1.0 Transitional//EN"
    "http://www.w3.org/TR/xhtml1/DTD/xhtml1-transitional.dtd">
<html xmlns="http://www.w3.org/1999/xhtml" xml:lang="en" lang="en">
 <head>
  <title>
</title>
<meta http-equiv="Content-Type" content="text/html;charset=utf-8" />
  <meta name='ocr-system' content='tesseract 3.04.00' />
  <meta name='ocr-capabilities' content='ocr_page ocr_carea ocr_par ocr_line ocrx_word'/>
</head>
<body>
  <div class='ocr_page' id='page_1' title='image "./opera00nobbgoog_0716.png"; bbox 0 0 2084 3025; ppageno 0'>
   <div class='ocr_carea' id='block_1_1' title="bbox 169 86 696 151">
    <p class='ocr_par' dir='ltr' id='par_1_1' title="bbox 169 86 696 151">
     <span class='ocr_line' id='line_1_1' title="bbox 169 86 696 151; baseline 0.015 -12"><span class='ocrx_word' id='word_1_1' title='bbox 169 89 207 151; x_wconf 72' lang='lat'>40</span> <span class='ocrx_word' id='word_1_2' title='bbox 483 86 663 141; x_wconf 80' lang='lat' dir='ltr'>LAELIUS</span> <span class='ocrx_word' id='word_1_3' title='bbox 685 140 696 147; x_wconf 86' lang='lat'>.</span> 
     </span>
    </p>
   </div>
   <div class='ocr_carea' id='block_1_2' title="bbox 117 189 980 1236">
    <p class='ocr_par' dir='ltr' id='par_1_2' title="bbox 117 189 980 1236">
     <span class='ocr_line' id='line_1_2' title="bbox 169 189 978 258; baseline 0.002 -15"><span class='ocrx_word' id='word_1_4' title='bbox 169 189 264 243; x_wconf 77' lang='lat' dir='ltr'>fuerat</span> <span class='ocrx_word' id='word_1_5' title='bbox 275 196 398 256; x_wconf 83' lang='lat' dir='ltr'>aequius,</span> <span class='ocrx_word' id='word_1_6' title='bbox 408 195 440 241; x_wconf 90' lang='lat' dir='ltr'>ut</span> <span class='ocrx_word' id='word_1_7' title='bbox 450 190 527 258; x_wconf 81' lang='lat' dir='ltr'>prius</span> <span class='ocrx_word' id='word_1_8' title='bbox 536 192 707 252; x_wconf 66' lang='lat' dir='ltr'>introierim,</span> <span class='ocrx_word' id='word_1_9' title='bbox 714 191 753 243; x_wconf 88' lang='lat' dir='ltr'>sic</span> <span class='ocrx_word' id='word_1_10' title='bbox 764 190 843 257; x_wconf 86' lang='lat' dir='ltr'>prius</span> <span class='ocrx_word' id='word_1_11' title='bbox 854 190 934 244; x_wconf 83' lang='lat' dir='ltr'>exire</span> <span class='ocrx_word' id='word_1_12' title='bbox 944 191 978 245; x_wconf 89' lang='lat' dir='ltr'>de</span> 
     </span>
     <span class='ocr_line' id='line_1_3' title="bbox 168 259 979 314; baseline 0.004 -3"><span class='ocrx_word' id='word_1_13' title='bbox 168 262 237 314; x_wconf 85' lang='lat' dir='ltr'>vita.</span> <span class='ocrx_word' id='word_1_14' title='bbox 275 259 332 313; x_wconf 86' lang='lat' dir='ltr'>Sed</span> <span class='ocrx_word' id='word_1_15' title='bbox 350 264 442 312; x_wconf 89' lang='lat' dir='ltr'>tamen</span> <span class='ocrx_word' id='word_1_16' title='bbox 453 263 648 313; x_wconf 84' lang='lat' dir='ltr'>recordatione</span> <span class='ocrx_word' id='word_1_17' title='bbox 659 266 772 312; x_wconf 87' lang='lat' dir='ltr'>nostrae</span> <span class='ocrx_word' id='word_1_18' title='bbox 782 261 928 313; x_wconf 79' lang='lat' dir='ltr'>amicitiae</span> <span class='ocrx_word' id='word_1_19' title='bbox 938 262 979 314; x_wconf 87' lang='lat' dir='ltr'>sic</span> 
     </span>
     <span class='ocr_line' id='line_1_4' title="bbox 167 324 978 398; baseline 0.002 -16"><span class='ocrx_word' id='word_1_20' title='bbox 167 330 256 394; x_wconf 79' lang='lat' dir='ltr'>fruor,</span> <span class='ocrx_word' id='word_1_21' title='bbox 275 338 306 383; x_wconf 87' lang='lat' dir='ltr'>ut</span> <span class='ocrx_word' id='word_1_22' title='bbox 318 331 399 381; x_wconf 84' lang='lat' dir='ltr'>beate</span> <span class='ocrx_word' id='word_1_23' title='bbox 410 331 513 383; x_wconf 79' lang='lat' dir='ltr'>vixisse</span> <span class='ocrx_word' id='word_1_24' title='bbox 526 324 634 395; x_wconf 76' lang='lat' dir='ltr'>videar,</span> <span class='ocrx_word' id='word_1_25' title='bbox 652 332 716 398; x_wconf 91' lang='lat' dir='ltr'>quia</span> <span class='ocrx_word' id='word_1_26' title='bbox 727 347 788 383; x_wconf 93' lang='lat' dir='ltr'>cum</span> <span class='ocrx_word' id='word_1_27' title='bbox 799 330 931 397; x_wconf 80' lang='lat' dir='ltr'>Scipione</span> <span class='ocrx_word' id='word_1_28' title='bbox 941 334 978 383; x_wconf 84' lang='lat' dir='ltr'>ri·</span> 
     </span>
     <span class='ocr_line' id='line_1_5' title="bbox 167 399 980 468; baseline 0.001 -16"><span class='ocrx_word' id='word_1_29' title='bbox 167 402 271 452; x_wconf 78' lang='lat' dir='ltr'>xerim:</span> <span class='ocrx_word' id='word_1_30' title='bbox 291 415 408 468; x_wconf 91' lang='lat' dir='ltr'>quocum</span> <span class='ocrx_word' id='word_1_31' title='bbox 419 399 488 451; x_wconf 90' lang='lat' dir='ltr'>mihi</span> <span class='ocrx_word' id='word_1_32' title='bbox 499 402 649 452; x_wconf 83' lang='lat' dir='ltr'>coniuncta</span> <span class='ocrx_word' id='word_1_33' title='bbox 660 417 726 452; x_wconf 87' lang='lat' dir='ltr'>cura</span> <span class='ocrx_word' id='word_1_34' title='bbox 737 401 814 453; x_wconf 82' lang='lat' dir='ltr'>de-rc</span> <span class='ocrx_word' id='word_1_35' title='bbox 826 403 941 467; x_wconf 88' lang='lat' dir='ltr'>publica</span> <span class='ocrx_word' id='word_1_36' title='bbox 950 409 980 455; x_wconf 83' lang='lat' dir='ltr'>et</span> 
     </span>
     <span class='ocr_line' id='line_1_6' title="bbox 165 469 978 537; baseline 0.005 -17"><span class='ocrx_word' id='word_1_37' title='bbox 165 469 203 533; x_wconf 31' lang='lat' dir='ltr'>,de</span> <span class='ocrx_word' id='word_1_38' title='bbox 215 471 326 537; x_wconf 84' lang='lat' dir='ltr'>privata</span> <span class='ocrx_word' id='word_1_39' title='bbox 337 469 404 532; x_wconf 78' lang='lat' dir='ltr'>fuit,</span> <span class='ocrx_word' id='word_1_40' title='bbox 424 484 542 536; x_wconf 90' lang='lat' dir='ltr'>quocum</span> <span class='ocrx_word' id='word_1_41' title='bbox 553 476 581 522; x_wconf 92' lang='lat' dir='ltr'>et</span> <span class='ocrx_word' id='word_1_42' title='bbox 592 471 690 522; x_wconf 86' lang='lat' dir='ltr'>domus</span> <span class='ocrx_word' id='word_1_43' title='bbox 703 476 731 522; x_wconf 88' lang='lat' dir='ltr'>et</span> <span class='ocrx_word' id='word_1_44' title='bbox 742 472 845 521; x_wconf 84' lang='lat' dir='ltr'>militia</span> <span class='ocrx_word' id='word_1_45' title='bbox 855 488 978 524; x_wconf 88' lang='lat' dir='ltr'>commu-</span> 
     </span>
     <span class='ocr_line' id='line_1_7' title="bbox 117 539 978 606; baseline 0.003 -15"><span class='ocrx_word' id='word_1_46' title='bbox 117 539 127 550; x_wconf 76' lang='grc'>’”</span> <span class='ocrx_word' id='word_1_47' title='bbox 168 539 226 605; x_wconf 82' lang='lat' dir='ltr'>nis3</span> <span class='ocrx_word' id='word_1_48' title='bbox 248 547 276 592; x_wconf 86' lang='lat' dir='ltr'>et</span> <span class='ocrx_word' id='word_1_49' title='bbox 292 541 335 602; x_wconf 88' lang='lat' dir='ltr'>id,</span> <span class='ocrx_word' id='word_1_50' title='bbox 356 540 386 589; x_wconf 89' lang='lat' dir='ltr'>in</span> <span class='ocrx_word' id='word_1_51' title='bbox 397 555 451 606; x_wconf 91' lang='lat' dir='ltr'>quo</span> <span class='ocrx_word' id='word_1_52' title='bbox 464 549 506 594; x_wconf 90' lang='lat' dir='ltr'>est</span> <span class='ocrx_word' id='word_1_53' title='bbox 518 542 607 592; x_wconf 77' lang='lat' dir='ltr'>oninis</span> <span class='ocrx_word' id='word_1_54' title='bbox 619 542 661 591; x_wconf 78' lang='lat' dir='ltr'>ris</span> <span class='ocrx_word' id='word_1_55' title='bbox 672 540 829 603; x_wconf 76' lang='lat' dir='ltr'>amicitiae,</span> <span class='ocrx_word' id='word_1_56' title='bbox 849 542 978 594; x_wconf 81' lang='lat' dir='ltr'>voiunta-</span> 
     </span>
     <span class='ocr_line' id='line_1_8' title="bbox 167 610 977 674; baseline 0.004 -13"><span class='ocrx_word' id='word_1_57' title='bbox 167 616 244 673; x_wconf 90' lang='lat' dir='ltr'>tum,</span> <span class='ocrx_word' id='word_1_58' title='bbox 267 610 440 674; x_wconf 88' lang='lat' dir='ltr'>studiorum,</span> <span class='ocrx_word' id='word_1_59' title='bbox 466 611 670 665; x_wconf 87' lang='lat' dir='ltr'>sententiarum</span> <span class='ocrx_word' id='word_1_60' title='bbox 692 625 800 661; x_wconf 88' lang='lat' dir='ltr'>summa</span> <span class='ocrx_word' id='word_1_61' title='bbox 820 614 977 664; x_wconf 83' lang='lat' dir='ltr'>consensio.</span> 
     </span>
     <span class='ocr_line' id='line_1_9' title="bbox 166 680 979 748; baseline 0.002 -16"><span class='ocrx_word' id='word_1_62' title='bbox 166 681 265 746; x_wconf 87' lang='lat' dir='ltr'>Itaque</span> <span class='ocrx_word' id='word_1_63' title='bbox 275 695 330 733; x_wconf 90' lang='lat' dir='ltr'>non</span> <span class='ocrx_word' id='word_1_64' title='bbox 340 686 397 729; x_wconf 90' lang='lat' dir='ltr'>tam</span> <span class='ocrx_word' id='word_1_65' title='bbox 409 680 462 731; x_wconf 90' lang='lat' dir='ltr'>ista</span> <span class='ocrx_word' id='word_1_66' title='bbox 472 696 515 732; x_wconf 91' lang='lat' dir='ltr'>me</span> <span class='ocrx_word' id='word_1_67' title='bbox 526 682 695 748; x_wconf 83' lang='lat' dir='ltr'>sapientiae,</span> <span class='ocrx_word' id='word_1_68' title='bbox 716 695 798 746; x_wconf 88' lang='lat' dir='ltr'>quarn</span> <span class='ocrx_word' id='word_1_69' title='bbox 809 681 896 731; x_wconf 90' lang='lat' dir='ltr'>rnodo</span> <span class='ocrx_word' id='word_1_70' title='bbox 906 682 979 734; x_wconf 83' lang='lat' dir='ltr'>Fan·</span> 
     </span>
     <span class='ocr_line' id='line_1_10' title="bbox 165 749 980 816; baseline 0 -14"><span class='ocrx_word' id='word_1_71' title='bbox 165 750 230 802; x_wconf 86' lang='lat' dir='ltr'>nius</span> <span class='ocrx_word' id='word_1_72' title='bbox 243 751 478 812; x_wconf 81' lang='lat' dir='ltr'>commemoravit,</span> <span class='ocrx_word' id='word_1_73' title='bbox 488 749 565 802; x_wconf 86' lang='lat' dir='ltr'>fama</span> <span class='ocrx_word' id='word_1_74' title='bbox 576 751 706 813; x_wconf 87' lang='lat' dir='ltr'>delectat,</span> <span class='ocrx_word' id='word_1_75' title='bbox 719 751 790 803; x_wconf 84' lang='lat' dir='ltr'>salsa</span> <span class='ocrx_word' id='word_1_76' title='bbox 802 753 980 816; x_wconf 82' lang='lat' dir='ltr'>praesertim,</span> 
     </span>
     <span class='ocr_line' id='line_1_11' title="bbox 167 819 980 887; baseline 0.005 -18"><span class='ocrx_word' id='word_1_77' title='bbox 167 834 250 886; x_wconf 87' lang='lat' dir='ltr'>quam</span> <span class='ocrx_word' id='word_1_78' title='bbox 266 819 339 887; x_wconf 92' lang='lat' dir='ltr'>quod</span> <span class='ocrx_word' id='word_1_79' title='bbox 358 820 496 873; x_wconf 76' lang='lat' dir='ltr'>amicitiae</span> <span class='ocrx_word' id='word_1_80' title='bbox 511 827 625 872; x_wconf 86' lang='lat' dir='ltr'>nostrae</span> <span class='ocrx_word' id='word_1_81' title='bbox 639 821 801 885; x_wconf 84' lang='lat' dir='ltr'>memoriam</span> <span class='ocrx_word' id='word_1_82' title='bbox 813 830 980 886; x_wconf 83' lang='lat' dir='ltr'>sperosem·</span> 
     </span>
     <span class='ocr_line' id='line_1_12' title="bbox 167 888 979 958; baseline 0.004 -19"><span class='ocrx_word' id='word_1_83' title='bbox 167 889 306 956; x_wconf 87' lang='lat' dir='ltr'>piternam</span> <span class='ocrx_word' id='word_1_84' title='bbox 316 888 386 941; x_wconf 82' lang='lat' dir='ltr'>fore.</span> <span class='ocrx_word' id='word_1_85' title='bbox 423 890 509 957; x_wconf 85' lang='lat' dir='ltr'>idque</span> <span class='ocrx_word' id='word_1_86' title='bbox 518 891 586 941; x_wconf 82' lang='lat' dir='ltr'>mihi</span> <span class='ocrx_word' id='word_1_87' title='bbox 598 906 631 942; x_wconf 91' lang='lat' dir='ltr'>eo</span> <span class='ocrx_word' id='word_1_88' title='bbox 642 892 730 957; x_wconf 88' lang='lat' dir='ltr'>magis</span> <span class='ocrx_word' id='word_1_89' title='bbox 741 897 787 942; x_wconf 81' lang='lat' dir='ltr'>est</span> <span class='ocrx_word' id='word_1_90' title='bbox 799 889 886 953; x_wconf 88' lang='lat' dir='ltr'>cordi,</span> <span class='ocrx_word' id='word_1_91' title='bbox 903 892 979 958; x_wconf 90' lang='lat' dir='ltr'>quod</span> 
     </span>
     <span class='ocr_line' id='line_1_13' title="bbox 167 960 980 1027; baseline 0.001 -16"><span class='ocrx_word' id='word_1_92' title='bbox 167 974 203 1011; x_wconf 84' lang='lat' dir='ltr'>ex</span> <span class='ocrx_word' id='word_1_93' title='bbox 218 960 344 1011; x_wconf 89' lang='lat' dir='ltr'>omnibus</span> <span class='ocrx_word' id='word_1_94' title='bbox 360 960 479 1011; x_wconf 89' lang='lat' dir='ltr'>saeculis</span> <span class='ocrx_word' id='word_1_95' title='bbox 494 963 543 1011; x_wconf 77' lang='lat' dir='ltr'>vix</span> <span class='ocrx_word' id='word_1_96' title='bbox 557 964 614 1011; x_wconf 85' lang='lat' dir='ltr'>tria</span> <span class='ocrx_word' id='word_1_97' title='bbox 625 966 674 1011; x_wconf 86' lang='lat' dir='ltr'>aut</span> <span class='ocrx_word' id='word_1_98' title='bbox 690 966 825 1027; x_wconf 86' lang='lat' dir='ltr'>quattuor</span> <span class='ocrx_word' id='word_1_99' title='bbox 834 961 980 1012; x_wconf 88' lang='lat' dir='ltr'>nominan-</span> 
     </span>
     <span class='ocr_line' id='line_1_14' title="bbox 167 1030 979 1099; baseline 0.004 -20"><span class='ocrx_word' id='word_1_100' title='bbox 167 1035 213 1079; x_wconf 81' lang='lat' dir='ltr'>tur</span> <span class='ocrx_word' id='word_1_101' title='bbox 229 1030 309 1099; x_wconf 90' lang='lat' dir='ltr'>paria</span> <span class='ocrx_word' id='word_1_102' title='bbox 327 1030 492 1080; x_wconf 84' lang='lat' dir='ltr'>amicorum:</span> <span class='ocrx_word' id='word_1_103' title='bbox 514 1045 569 1097; x_wconf 90' lang='lat' dir='ltr'>quo</span> <span class='ocrx_word' id='word_1_104' title='bbox 584 1033 612 1080; x_wconf 93' lang='lat' dir='ltr'>in</span> <span class='ocrx_word' id='word_1_105' title='bbox 631 1045 732 1097; x_wconf 85' lang='lat' dir='ltr'>genere</span> <span class='ocrx_word' id='word_1_106' title='bbox 743 1045 858 1097; x_wconf 85' lang='lat' dir='ltr'>sperare</span> <span class='ocrx_word' id='word_1_107' title='bbox 869 1031 979 1094; x_wconf 82' lang='lat' dir='ltr'>videor,</span> 
     </span>
     <span class='ocr_line' id='line_1_15' title="bbox 167 1098 978 1167; baseline 0.002 -16"><span class='ocrx_word' id='word_1_108' title='bbox 167 1099 306 1166; x_wconf 88' lang='lat' dir='ltr'>Scipionis</span> <span class='ocrx_word' id='word_1_109' title='bbox 318 1105 345 1149; x_wconf 89' lang='lat' dir='ltr'>et</span> <span class='ocrx_word' id='word_1_110' title='bbox 359 1098 452 1150; x_wconf 81' lang='lat' dir='ltr'>Laelii</span> <span class='ocrx_word' id='word_1_111' title='bbox 463 1101 617 1151; x_wconf 87' lang='lat' dir='ltr'>amicitiam</span> <span class='ocrx_word' id='word_1_112' title='bbox 627 1107 722 1151; x_wconf 87' lang='lat' dir='ltr'>notam</span> <span class='ocrx_word' id='word_1_113' title='bbox 733 1100 894 1167; x_wconf 85' lang='lat' dir='ltr'>posteritati</span> <span class='ocrx_word' id='word_1_114' title='bbox 904 1099 978 1153; x_wconf 79' lang='lat' dir='ltr'>fore.</span> 
     </span>
     <span class='ocr_line' id='line_1_16' title="bbox 166 1166 980 1236; baseline 0.002 -16"><span class='ocrx_word' id='word_1_115' title='bbox 166 1166 290 1232; x_wconf 70' lang='lat' dir='ltr'>ididan</span> <span class='ocrx_word' id='word_1_116' title='bbox 298 1184 324 1219; x_wconf 80' lang='lat' dir='ltr'>u.</span> <span class='ocrx_word' id='word_1_117' title='bbox 337 1169 415 1218; x_wconf 89' lang='lat' dir='ltr'>lstud</span> <span class='ocrx_word' id='word_1_118' title='bbox 427 1171 547 1236; x_wconf 80' lang='lat' dir='ltr'>quidem,</span> <span class='ocrx_word' id='word_1_119' title='bbox 559 1170 649 1232; x_wconf 86' lang='lat' dir='ltr'>Laeli,</span> <span class='ocrx_word' id='word_1_120' title='bbox 661 1171 703 1222; x_wconf 89' lang='lat' dir='ltr'>ita</span> <span class='ocrx_word' id='word_1_121' title='bbox 713 1186 826 1222; x_wconf 86' lang='lat' dir='ltr'>necesse</span> <span class='ocrx_word' id='word_1_122' title='bbox 839 1177 893 1223; x_wconf 84' lang='lat' dir='ltr'>est.</span> <span class='ocrx_word' id='word_1_123' title='bbox 914 1170 980 1234; x_wconf 85' lang='lat' dir='ltr'>Sed,</span> 
     </span>
    </p>
   </div>
   <div class='ocr_carea' id='block_1_3' title="bbox 31 1239 980 1305">
    <p class='ocr_par' dir='ltr' id='par_1_3' title="bbox 31 1239 980 1305">
     <span class='ocr_line' id='line_1_17' title="bbox 31 1239 980 1305; baseline 0.003 -17"><span class='ocrx_word' id='word_1_124' title='bbox 31 1240 34 1252; x_wconf 69' lang='lat'><strong><em>¹</em></strong></span> <span class='ocrx_word' id='word_1_125' title='bbox 85 1253 90 1258; x_wconf 89' lang='lat'>·</span> <span class='ocrx_word' id='word_1_126' title='bbox 166 1239 297 1305; x_wconf 87' lang='lat' dir='ltr'>quoniam</span> <span class='ocrx_word' id='word_1_127' title='bbox 308 1239 449 1290; x_wconf 86' lang='lat' dir='ltr'>amicitiae</span> <span class='ocrx_word' id='word_1_128' title='bbox 461 1242 628 1292; x_wconf 83' lang='lat' dir='ltr'>mentionem</span> <span class='ocrx_word' id='word_1_129' title='bbox 640 1240 743 1302; x_wconf 79' lang='lat' dir='ltr'>iecisti,</span> <span class='ocrx_word' id='word_1_130' title='bbox 759 1246 789 1291; x_wconf 93' lang='lat' dir='ltr'>et</span> <span class='ocrx_word' id='word_1_131' title='bbox 798 1256 894 1292; x_wconf 88' lang='lat' dir='ltr'>sumus</span> <span class='ocrx_word' id='word_1_132' title='bbox 905 1242 980 1292; x_wconf 78' lang='lat' dir='ltr'>otio·</span> 
     </span>
    </p>
   </div>
   <div class='ocr_carea' id='block_1_4' title="bbox 92 1308 982 2710">
    <p class='ocr_par' dir='ltr' id='par_1_4' title="bbox 92 1308 982 2710">
     <span class='ocr_line' id='line_1_18' title="bbox 166 1308 978 1377; baseline 0.004 -18"><span class='ocrx_word' id='word_1_133' title='bbox 166 1309 200 1371; x_wconf 88' lang='lat' dir='ltr'>si,</span> <span class='ocrx_word' id='word_1_134' title='bbox 210 1313 369 1375; x_wconf 84' lang='lat' dir='ltr'>pergratum</span> <span class='ocrx_word' id='word_1_135' title='bbox 381 1308 451 1360; x_wconf 88' lang='lat' dir='ltr'>mihi</span> <span class='ocrx_word' id='word_1_136' title='bbox 462 1308 572 1372; x_wconf 83' lang='lat' dir='ltr'>feceris,</span> <span class='ocrx_word' id='word_1_137' title='bbox 582 1315 678 1377; x_wconf 86' lang='lat' dir='ltr'>(spero</span> <span class='ocrx_word' id='word_1_138' title='bbox 688 1311 755 1362; x_wconf 91' lang='lat' dir='ltr'>item</span> <span class='ocrx_word' id='word_1_139' title='bbox 767 1309 935 1374; x_wconf 83' lang='lat' dir='ltr'>Scaevolae)</span> <span class='ocrx_word' id='word_1_140' title='bbox 944 1310 978 1374; x_wconf 83' lang='lat' dir='ltr'>si,</span> 
     </span>
     <span class='ocr_line' id='line_1_19' title="bbox 95 1378 979 1447; baseline 0.003 -16"><span class='ocrx_word' id='word_1_141' title='bbox 95 1422 103 1431; x_wconf 73' lang='lat'>.</span> <span class='ocrx_word' id='word_1_142' title='bbox 168 1378 400 1444; x_wconf 85' lang='lat' dir='ltr'>quemadmodum</span> <span class='ocrx_word' id='word_1_143' title='bbox 413 1379 502 1442; x_wconf 84' lang='lat' dir='ltr'>soles,</span> <span class='ocrx_word' id='word_1_144' title='bbox 524 1380 558 1432; x_wconf 89' lang='lat' dir='ltr'>de</span> <span class='ocrx_word' id='word_1_145' title='bbox 568 1380 668 1433; x_wconf 88' lang='lat' dir='ltr'>ceteris</span> <span class='ocrx_word' id='word_1_146' title='bbox 684 1381 780 1443; x_wconf 79' lang='lat' dir='ltr'>rebus,</span> <span class='ocrx_word' id='word_1_147' title='bbox 804 1396 890 1447; x_wconf 89' lang='lat' dir='ltr'>quum</span> <span class='ocrx_word' id='word_1_148' title='bbox 900 1396 937 1433; x_wconf 79' lang='lat' dir='ltr'>ex</span> <span class='ocrx_word' id='word_1_149' title='bbox 947 1388 979 1434; x_wconf 88' lang='lat' dir='ltr'>te</span> 
     </span>
     <span class='ocr_line' id='line_1_20' title="bbox 168 1449 977 1518; baseline 0.004 -20"><span class='ocrx_word' id='word_1_150' title='bbox 168 1455 346 1518; x_wconf 86' lang='lat' dir='ltr'>quaeruntur,</span> <span class='ocrx_word' id='word_1_151' title='bbox 369 1449 409 1499; x_wconf 88' lang='lat' dir='ltr'>sic</span> <span class='ocrx_word' id='word_1_152' title='bbox 420 1449 453 1500; x_wconf 89' lang='lat' dir='ltr'>de</span> <span class='ocrx_word' id='word_1_153' title='bbox 466 1451 591 1502; x_wconf 88' lang='lat' dir='ltr'>amicitia</span> <span class='ocrx_word' id='word_1_154' title='bbox 602 1451 761 1518; x_wconf 85' lang='lat' dir='ltr'>disputaris,</span> <span class='ocrx_word' id='word_1_155' title='bbox 782 1449 849 1517; x_wconf 92' lang='lat' dir='ltr'>quid</span> <span class='ocrx_word' id='word_1_156' title='bbox 860 1452 977 1515; x_wconf 87' lang='lat' dir='ltr'>sentias,</span> 
     </span>
     <span class='ocr_line' id='line_1_21' title="bbox 168 1519 980 1589; baseline 0.002 -20"><span class='ocrx_word' id='word_1_157' title='bbox 168 1520 278 1586; x_wconf 88' lang='lat' dir='ltr'>qualern</span> <span class='ocrx_word' id='word_1_158' title='bbox 291 1519 441 1582; x_wconf 80' lang='lat' dir='ltr'>existimes,</span> <span class='ocrx_word' id='word_1_159' title='bbox 454 1537 526 1587; x_wconf 87' lang='lat' dir='ltr'>quae</span> <span class='ocrx_word' id='word_1_160' title='bbox 538 1528 689 1589; x_wconf 84' lang='lat' dir='ltr'>praecepta</span> <span class='ocrx_word' id='word_1_161' title='bbox 699 1521 755 1572; x_wconf 89' lang='lat' dir='ltr'>des.</span> <span class='ocrx_word' id='word_1_162' title='bbox 781 1521 902 1573; x_wconf 77' lang='lat' dir='ltr'>Scnnr.</span> <span class='ocrx_word' id='word_1_163' title='bbox 924 1522 980 1572; x_wconf 86' lang='lat' dir='ltr'>Mi·</span> 
     </span>
     <span class='ocr_line' id='line_1_22' title="bbox 165 1588 980 1658; baseline 0.004 -18"><span class='ocrx_word' id='word_1_164' title='bbox 165 1588 195 1640; x_wconf 91' lang='lat' dir='ltr'>hi</span> <span class='ocrx_word' id='word_1_165' title='bbox 206 1605 272 1642; x_wconf 79' lang='lat' dir='ltr'>vero</span> <span class='ocrx_word' id='word_1_166' title='bbox 284 1595 445 1657; x_wconf 82' lang='lat' dir='ltr'>pergratum</span> <span class='ocrx_word' id='word_1_167' title='bbox 457 1591 523 1642; x_wconf 82' lang='lat' dir='ltr'>erit=</span> <span class='ocrx_word' id='word_1_168' title='bbox 544 1598 637 1657; x_wconf 84' lang='lat' dir='ltr'>atque,</span> <span class='ocrx_word' id='word_1_169' title='bbox 648 1592 677 1642; x_wconf 94' lang='lat' dir='ltr'>id</span> <span class='ocrx_word' id='word_1_170' title='bbox 686 1592 776 1658; x_wconf 89' lang='lat' dir='ltr'>ipsum</span> <span class='ocrx_word' id='word_1_171' title='bbox 788 1606 873 1657; x_wconf 91' lang='lat' dir='ltr'>quum</span> <span class='ocrx_word' id='word_1_172' title='bbox 884 1596 980 1644; x_wconf 89' lang='lat' dir='ltr'>tecum</span> 
     </span>
     <span class='ocr_line' id='line_1_23' title="bbox 166 1660 980 1728; baseline 0.001 -17"><span class='ocrx_word' id='word_1_173' title='bbox 166 1674 251 1726; x_wconf 77' lang='lat' dir='ltr'>agere</span> <span class='ocrx_word' id='word_1_174' title='bbox 263 1674 387 1721; x_wconf 87' lang='lat' dir='ltr'>conarer,</span> <span class='ocrx_word' id='word_1_175' title='bbox 399 1660 521 1728; x_wconf 79' lang='lat' dir='ltr'>Fannius</span> <span class='ocrx_word' id='word_1_176' title='bbox 535 1662 694 1713; x_wconf 74' lang='lat' dir='ltr'>antevertit.</span> <span class='ocrx_word' id='word_1_177' title='bbox 709 1662 899 1723; x_wconf 75' lang='lat' dir='ltr'>Quamobrem</span> <span class='ocrx_word' id='word_1_178' title='bbox 907 1662 980 1712; x_wconf 91' lang='lat' dir='ltr'>utri·</span> 
     </span>
     <span class='ocr_line' id='line_1_24' title="bbox 166 1728 976 1798; baseline 0.002 -19"><span class='ocrx_word' id='word_1_179' title='bbox 166 1745 219 1796; x_wconf 89' lang='lat' dir='ltr'>quc</span> <span class='ocrx_word' id='word_1_180' title='bbox 229 1734 355 1781; x_wconf 78' lang='lat' dir='ltr'>nostrum</span> <span class='ocrx_word' id='word_1_181' title='bbox 366 1735 476 1798; x_wconf 85' lang='lat' dir='ltr'>gratum</span> <span class='ocrx_word' id='word_1_182' title='bbox 487 1731 636 1784; x_wconf 88' lang='lat' dir='ltr'>admodum</span> <span class='ocrx_word' id='word_1_183' title='bbox 648 1729 757 1783; x_wconf 86' lang='lat' dir='ltr'>feceris.</span> <span class='ocrx_word' id='word_1_184' title='bbox 774 1728 857 1782; x_wconf 81' lang='lat' dir='ltr'><strong>v.1⁷.</strong></span> <span class='ocrx_word' id='word_1_185' title='bbox 871 1732 916 1783; x_wconf 80' lang='lat' dir='ltr'>Ln</span> <span class='ocrx_word' id='word_1_186' title='bbox 924 1746 976 1782; x_wconf 76' lang='lat' dir='ltr'>sn.</span> 
     </span>
     <span class='ocr_line' id='line_1_25' title="bbox 164 1799 978 1867; baseline 0.002 -18"><span class='ocrx_word' id='word_1_187' title='bbox 164 1800 226 1864; x_wconf 83' lang='lat' dir='ltr'>Ego</span> <span class='ocrx_word' id='word_1_188' title='bbox 237 1814 304 1851; x_wconf 81' lang='lat' dir='ltr'>vero</span> <span class='ocrx_word' id='word_1_189' title='bbox 317 1815 373 1851; x_wconf 91' lang='lat' dir='ltr'>non</span> <span class='ocrx_word' id='word_1_190' title='bbox 384 1816 525 1867; x_wconf 80' lang='lat' dir='ltr'>gravarer,</span> <span class='ocrx_word' id='word_1_191' title='bbox 531 1800 630 1851; x_wconf 89' lang='lat' dir='ltr'>simihi</span> <span class='ocrx_word' id='word_1_192' title='bbox 640 1802 700 1867; x_wconf 89' lang='lat' dir='ltr'>ipse</span> <span class='ocrx_word' id='word_1_193' title='bbox 708 1799 884 1852; x_wconf 78' lang='lat' dir='ltr'>confiderem.</span> <span class='ocrx_word' id='word_1_194' title='bbox 902 1801 978 1851; x_wconf 86' lang='lat' dir='ltr'>Nam</span> 
     </span>
     <span class='ocr_line' id='line_1_26' title="bbox 165 1869 979 1936; baseline 0.006 -18"><span class='ocrx_word' id='word_1_195' title='bbox 165 1874 195 1926; x_wconf 86' lang='lat' dir='ltr'>et</span> <span class='ocrx_word' id='word_1_196' title='bbox 205 1869 351 1935; x_wconf 88' lang='lat' dir='ltr'>praeclara</span> <span class='ocrx_word' id='word_1_197' title='bbox 363 1885 408 1936; x_wconf 74' lang='lat' dir='ltr'>res</span> <span class='ocrx_word' id='word_1_198' title='bbox 419 1877 471 1934; x_wconf 88' lang='lat' dir='ltr'>est,</span> <span class='ocrx_word' id='word_1_199' title='bbox 484 1878 512 1923; x_wconf 90' lang='lat' dir='ltr'>et</span> <span class='ocrx_word' id='word_1_200' title='bbox 523 1887 627 1933; x_wconf 88' lang='lat' dir='ltr'>sumus,</span> <span class='ocrx_word' id='word_1_201' title='bbox 636 1878 667 1922; x_wconf 90' lang='lat' dir='ltr'>ut</span> <span class='ocrx_word' id='word_1_202' title='bbox 682 1871 753 1922; x_wconf 86' lang='lat' dir='ltr'>dixit</span> <span class='ocrx_word' id='word_1_203' title='bbox 764 1869 897 1933; x_wconf 85' lang='lat' dir='ltr'>Fannius,</span> <span class='ocrx_word' id='word_1_204' title='bbox 904 1871 979 1923; x_wconf 85' lang='lat' dir='ltr'>otio·</span> 
     </span>
     <span class='ocr_line' id='line_1_27' title="bbox 165 1937 978 2007; baseline 0.001 -18"><span class='ocrx_word' id='word_1_205' title='bbox 165 1940 199 1989; x_wconf 89' lang='lat' dir='ltr'>si.</span> <span class='ocrx_word' id='word_1_206' title='bbox 228 1937 282 1990; x_wconf 86' lang='lat' dir='ltr'>Sed</span> <span class='ocrx_word' id='word_1_207' title='bbox 295 1940 355 2005; x_wconf 89' lang='lat' dir='ltr'>quis</span> <span class='ocrx_word' id='word_1_208' title='bbox 372 1955 423 2007; x_wconf 79' lang='lat' dir='ltr'>ogo</span> <span class='ocrx_word' id='word_1_209' title='bbox 440 1940 519 1992; x_wconf 72' lang='lat' dir='ltr'>sumi</span> <span class='ocrx_word' id='word_1_210' title='bbox 542 1948 591 1992; x_wconf 87' lang='lat' dir='ltr'>aut</span> <span class='ocrx_word' id='word_1_211' title='bbox 606 1942 713 2007; x_wconf 90' lang='lat' dir='ltr'>quaein</span> <span class='ocrx_word' id='word_1_212' title='bbox 724 1957 768 1992; x_wconf 91' lang='lat' dir='ltr'>me</span> <span class='ocrx_word' id='word_1_213' title='bbox 779 1947 822 1991; x_wconf 89' lang='lat' dir='ltr'>est</span> <span class='ocrx_word' id='word_1_214' title='bbox 835 1939 978 1992; x_wconf 78' lang='lat' dir='ltr'>facultas!</span> 
     </span>
     <span class='ocr_line' id='line_1_28' title="bbox 164 2008 978 2078; baseline 0 -19"><span class='ocrx_word' id='word_1_215' title='bbox 164 2008 320 2059; x_wconf 86' lang='lat' dir='ltr'>Doctorum</span> <span class='ocrx_word' id='word_1_216' title='bbox 334 2016 376 2059; x_wconf 87' lang='lat' dir='ltr'>est</span> <span class='ocrx_word' id='word_1_217' title='bbox 387 2011 443 2061; x_wconf 85' lang='lat' dir='ltr'>ista</span> <span class='ocrx_word' id='word_1_218' title='bbox 455 2012 637 2073; x_wconf 85' lang='lat' dir='ltr'>consuetudo,</span> <span class='ocrx_word' id='word_1_219' title='bbox 650 2027 737 2078; x_wconf 81' lang='lat' dir='ltr'>eaque</span> <span class='ocrx_word' id='word_1_220' title='bbox 748 2010 934 2072; x_wconf 84' lang='lat' dir='ltr'>Graecorum,</span> <span class='ocrx_word' id='word_1_221' title='bbox 944 2016 978 2059; x_wconf 88' lang='lat' dir='ltr'>ut</span> 
     </span>
     <span class='ocr_line' id='line_1_29' title="bbox 92 2078 977 2148; baseline 0.003 -20"><span class='ocrx_word' id='word_1_222' title='bbox 92 2139 96 2144; x_wconf 23' lang='lat'>⁵</span> <span class='ocrx_word' id='word_1_223' title='bbox 114 2083 116 2086; x_wconf 83' lang='lat'>&#39;</span> <span class='ocrx_word' id='word_1_224' title='bbox 164 2079 200 2129; x_wconf 85' lang='lat' dir='ltr'>iis</span> <span class='ocrx_word' id='word_1_225' title='bbox 212 2084 345 2145; x_wconf 86' lang='lat' dir='ltr'>ponatur,</span> <span class='ocrx_word' id='word_1_226' title='bbox 364 2078 398 2130; x_wconf 88' lang='lat' dir='ltr'>de</span> <span class='ocrx_word' id='word_1_227' title='bbox 415 2096 469 2148; x_wconf 91' lang='lat' dir='ltr'>quo</span> <span class='ocrx_word' id='word_1_228' title='bbox 481 2081 624 2147; x_wconf 83' lang='lat' dir='ltr'>disputent</span> <span class='ocrx_word' id='word_1_229' title='bbox 635 2081 760 2147; x_wconf 75' lang='lat' dir='ltr'>quamvis</span> <span class='ocrx_word' id='word_1_230' title='bbox 772 2080 878 2132; x_wconf 83' lang='lat' dir='ltr'>subito.</span> <span class='ocrx_word' id='word_1_231' title='bbox 914 2081 977 2131; x_wconf 86' lang='lat' dir='ltr'>Ma·</span> 
     </span>
     <span class='ocr_line' id='line_1_30' title="bbox 165 2151 982 2217; baseline 0.006 -21"><span class='ocrx_word' id='word_1_232' title='bbox 165 2163 250 2215; x_wconf 80' lang='lat' dir='ltr'>gnum</span> <span class='ocrx_word' id='word_1_233' title='bbox 272 2162 340 2213; x_wconf 89' lang='lat' dir='ltr'>opus</span> <span class='ocrx_word' id='word_1_234' title='bbox 361 2156 417 2212; x_wconf 86' lang='lat' dir='ltr'>est,</span> <span class='ocrx_word' id='word_1_235' title='bbox 444 2158 561 2217; x_wconf 80' lang='lat' dir='ltr'>egetque</span> <span class='ocrx_word' id='word_1_236' title='bbox 581 2151 780 2202; x_wconf 84' lang='lat' dir='ltr'>exercitatione</span> <span class='ocrx_word' id='word_1_237' title='bbox 799 2165 855 2200; x_wconf 87' lang='lat' dir='ltr'>non</span> <span class='ocrx_word' id='word_1_238' title='bbox 877 2164 982 2216; x_wconf 51' lang='lat' dir='ltr'>parra(</span> 
     </span>
     <span class='ocr_line' id='line_1_31' title="bbox 166 2218 977 2287; baseline 0.006 -21"><span class='ocrx_word' id='word_1_239' title='bbox 166 2218 351 2277; x_wconf 80' lang='lat' dir='ltr'>Quamobrem</span> <span class='ocrx_word' id='word_1_240' title='bbox 369 2235 438 2285; x_wconf 87' lang='lat' dir='ltr'>quae</span> <span class='ocrx_word' id='word_1_241' title='bbox 451 2221 591 2287; x_wconf 87' lang='lat' dir='ltr'>disputari</span> <span class='ocrx_word' id='word_1_242' title='bbox 603 2221 640 2282; x_wconf 74' lang='lat' dir='ltr'>de</span> <span class='ocrx_word' id='word_1_243' title='bbox 650 2221 776 2271; x_wconf 87' lang='lat' dir='ltr'>amicitia</span> <span class='ocrx_word' id='word_1_244' title='bbox 786 2227 916 2287; x_wconf 82' lang='lat' dir='ltr'>possunt,</span> <span class='ocrx_word' id='word_1_245' title='bbox 939 2219 977 2271; x_wconf 84' lang='lat' dir='ltr'>ab</span> 
     </span>
     <span class='ocr_line' id='line_1_32' title="bbox 165 2288 978 2361; baseline 0.004 -23"><span class='ocrx_word' id='word_1_246' title='bbox 165 2288 220 2349; x_wconf 86' lang='lat' dir='ltr'>eis,</span> <span class='ocrx_word' id='word_1_247' title='bbox 241 2302 354 2349; x_wconf 82' lang='lat' dir='ltr'>censeo,</span> <span class='ocrx_word' id='word_1_248' title='bbox 374 2290 490 2355; x_wconf 87' lang='lat' dir='ltr'>petatis,</span> <span class='ocrx_word' id='word_1_249' title='bbox 513 2292 812 2361; x_wconf 61' lang='lat' dir='ltr'>quiistaprofitcnturs</span> <span class='ocrx_word' id='word_1_250' title='bbox 850 2290 978 2355; x_wconf 79' lang='lat' dir='ltr'>Egovos</span> 
     </span>
     <span class='ocr_line' id='line_1_33' title="bbox 165 2355 978 2424; baseline 0.006 -18"><span class='ocrx_word' id='word_1_251' title='bbox 165 2355 275 2407; x_wconf 87' lang='lat' dir='ltr'>hortari</span> <span class='ocrx_word' id='word_1_252' title='bbox 284 2362 390 2409; x_wconf 87' lang='lat' dir='ltr'>tantum</span> <span class='ocrx_word' id='word_1_253' title='bbox 403 2373 526 2424; x_wconf 89' lang='lat' dir='ltr'>possum,</span> <span class='ocrx_word' id='word_1_254' title='bbox 547 2367 579 2411; x_wconf 94' lang='lat' dir='ltr'>ut</span> <span class='ocrx_word' id='word_1_255' title='bbox 588 2361 740 2413; x_wconf 88' lang='lat' dir='ltr'>amicitiam</span> <span class='ocrx_word' id='word_1_256' title='bbox 751 2360 879 2411; x_wconf 89' lang='lat' dir='ltr'>omnibus</span> <span class='ocrx_word' id='word_1_257' title='bbox 890 2360 978 2411; x_wconf 79' lang='lat' dir='ltr'>rebus</span> 
     </span>
     <span class='ocr_line' id='line_1_34' title="bbox 164 2423 977 2493; baseline 0.01 -19"><span class='ocrx_word' id='word_1_258' title='bbox 164 2423 291 2478; x_wconf 87' lang='lat' dir='ltr'>humanis</span> <span class='ocrx_word' id='word_1_259' title='bbox 315 2429 501 2493; x_wconf 86' lang='lat' dir='ltr'>anteponatis.</span> <span class='ocrx_word' id='word_1_260' title='bbox 539 2430 617 2482; x_wconf 92' lang='lat' dir='ltr'>Nihil</span> <span class='ocrx_word' id='word_1_261' title='bbox 634 2443 677 2485; x_wconf 89' lang='lat' dir='ltr'>est</span> <span class='ocrx_word' id='word_1_262' title='bbox 693 2431 765 2483; x_wconf 86' lang='lat' dir='ltr'>eninr</span> <span class='ocrx_word' id='word_1_263' title='bbox 781 2435 840 2481; x_wconf 87' lang='lat' dir='ltr'>tam</span> <span class='ocrx_word' id='word_1_264' title='bbox 855 2435 977 2482; x_wconf 85' lang='lat' dir='ltr'>naturae</span> 
     </span>
     <span class='ocr_line' id='line_1_35' title="bbox 164 2497 976 2561; baseline 0.006 -17"><span class='ocrx_word' id='word_1_265' title='bbox 164 2501 277 2559; x_wconf 89' lang='lat' dir='ltr'>aptum,</span> <span class='ocrx_word' id='word_1_266' title='bbox 295 2500 352 2546; x_wconf 90' lang='lat' dir='ltr'>tarn</span> <span class='ocrx_word' id='word_1_267' title='bbox 364 2499 529 2549; x_wconf 86' lang='lat' dir='ltr'>conveniens</span> <span class='ocrx_word' id='word_1_268' title='bbox 540 2500 577 2551; x_wconf 91' lang='lat' dir='ltr'>ad</span> <span class='ocrx_word' id='word_1_269' title='bbox 588 2518 634 2554; x_wconf 88' lang='lat' dir='ltr'>res</span> <span class='ocrx_word' id='word_1_270' title='bbox 646 2502 689 2555; x_wconf 80' lang='lat' dir='ltr'>rel</span> <span class='ocrx_word' id='word_1_271' title='bbox 700 2501 847 2561; x_wconf 85' lang='lat' dir='ltr'>secundas,</span> <span class='ocrx_word' id='word_1_272' title='bbox 868 2498 914 2550; x_wconf 84' lang='lat' dir='ltr'>rel</span> <span class='ocrx_word' id='word_1_273' title='bbox 926 2497 976 2549; x_wconf 91' lang='lat' dir='ltr'>ad-</span> 
     </span>
     <span class='ocr_line' id='line_1_36' title="bbox 162 2563 974 2635; baseline 0.009 -23"><span class='ocrx_word' id='word_1_274' title='bbox 162 2577 266 2615; x_wconf 83' lang='lat' dir='ltr'>versas.</span> <span class='ocrx_word' id='word_1_275' title='bbox 305 2563 345 2617; x_wconf 86' lang='lat'>18.</span> <span class='ocrx_word' id='word_1_276' title='bbox 364 2565 418 2617; x_wconf 86' lang='lat' dir='ltr'>Sed</span> <span class='ocrx_word' id='word_1_277' title='bbox 439 2566 492 2618; x_wconf 91' lang='lat' dir='ltr'>hoc</span> <span class='ocrx_word' id='word_1_278' title='bbox 511 2571 629 2635; x_wconf 87' lang='lat' dir='ltr'>primum</span> <span class='ocrx_word' id='word_1_279' title='bbox 651 2573 755 2635; x_wconf 84' lang='lat' dir='ltr'>sentio,</span> <span class='ocrx_word' id='word_1_280' title='bbox 775 2570 871 2621; x_wconf 80' lang='lat' dir='ltr'>nisiin</span> <span class='ocrx_word' id='word_1_281' title='bbox 888 2568 974 2620; x_wconf 87' lang='lat' dir='ltr'>bonis</span> 
     </span>
     <span class='ocr_line' id='line_1_37' title="bbox 163 2632 971 2710; baseline 0.012 -31"><span class='ocrx_word' id='word_1_282' title='bbox 163 2632 316 2685; x_wconf 82' lang='lat' dir='ltr'>amicitiam</span> <span class='ocrx_word' id='word_1_283' title='bbox 328 2651 388 2688; x_wconf 86' lang='lat' dir='ltr'>esse</span> <span class='ocrx_word' id='word_1_284' title='bbox 400 2651 454 2687; x_wconf 89' lang='lat' dir='ltr'>aon</span> <span class='ocrx_word' id='word_1_285' title='bbox 466 2652 561 2703; x_wconf 87' lang='lat' dir='ltr'>posse:</span> <span class='ocrx_word' id='word_1_286' title='bbox 573 2658 662 2710; x_wconf 84' lang='lat' dir='ltr'>neque</span> <span class='ocrx_word' id='word_1_287' title='bbox 672 2642 702 2694; x_wconf 94' lang='lat' dir='ltr'>id</span> <span class='ocrx_word' id='word_1_288' title='bbox 713 2642 746 2693; x_wconf 86' lang='lat' dir='ltr'>ad</span> <span class='ocrx_word' id='word_1_289' title='bbox 758 2642 851 2692; x_wconf 73' lang='lat' dir='ltr'>rivum</span> <span class='ocrx_word' id='word_1_290' title='bbox 861 2653 971 2700; x_wconf 83' lang='lat' dir='ltr'>reseco,</span> 
     </span>
    </p>
   </div>
   <div class='ocr_carea' id='block_1_5' title="bbox 209 2814 221 2846">
    <p class='ocr_par' dir='ltr' id='par_1_5' title="bbox 209 2814 221 2846">
     <span class='ocr_line' id='line_1_38' title="bbox 209 2814 221 2846; baseline 0 0"><span class='ocrx_word' id='word_1_291' title='bbox 209 2814 221 2846; x_wconf 61' lang='lat' dir='ltr'>i</span> 
     </span>
    </p>
   </div>
   <div class='ocr_carea' id='block_1_6' title="bbox 0 0 1046 3025">
    <p class='ocr_par' dir='ltr' id='par_1_6' title="bbox 0 0 1046 3025">
     <span class='ocr_line' id='line_1_39' title="bbox 0 0 1046 3025; baseline 0 0"><span class='ocrx_word' id='word_1_292' title='bbox 0 0 1046 3025; x_wconf 95' lang='lat' dir='ltr'> </span> 
     </span>
    </p>
   </div>
  </div>
 </body>
</html>
