<?xml version="1.0" encoding="UTF-8"?>
<!DOCTYPE html PUBLIC "-//W3C//DTD XHTML 1.0 Transitional//EN"
    "http://www.w3.org/TR/xhtml1/DTD/xhtml1-transitional.dtd">
<html xmlns="http://www.w3.org/1999/xhtml" xml:lang="en" lang="en">
 <head>
  <title>
</title>
<meta http-equiv="Content-Type" content="text/html;charset=utf-8" />
  <meta name='ocr-system' content='tesseract 3.04.00' />
  <meta name='ocr-capabilities' content='ocr_page ocr_carea ocr_par ocr_line ocrx_word'/>
</head>
<body>
  <div class='ocr_page' id='page_1' title='image "./opera00nobbgoog_0351.png"; bbox 0 0 2084 3025; ppageno 0'>
   <div class='ocr_carea' id='block_1_1' title="bbox 239 117 946 176">
    <p class='ocr_par' dir='ltr' id='par_1_1' title="bbox 239 117 946 176">
     <span class='ocr_line' id='line_1_1' title="bbox 239 117 946 176; baseline 0.01 -6"><span class='ocrx_word' id='word_1_1' title='bbox 239 119 318 172; x_wconf 77' lang='lat' dir='ltr'><strong>Lm.</strong></span> <span class='ocrx_word' id='word_1_2' title='bbox 335 120 374 173; x_wconf 85' lang='lat'><strong>11.</strong></span> <span class='ocrx_word' id='word_1_3' title='bbox 410 120 494 174; x_wconf 79' lang='lat' dir='ltr'><strong>cnP.</strong></span> <span class='ocrx_word' id='word_1_4' title='bbox 512 117 666 176; x_wconf 55' lang='lat' dir='ltr'><strong>muzus</strong></span> <span class='ocrx_word' id='word_1_5' title='bbox 798 119 853 176; x_wconf 75' lang='lat'><strong>245</strong></span> <span class='ocrx_word' id='word_1_6' title='bbox 939 134 946 149; x_wconf 75' lang='grc'><em>“</em></span> 
     </span>
    </p>
   </div>
   <div class='ocr_carea' id='block_1_2' title="bbox 23 223 856 2716">
    <p class='ocr_par' dir='ltr' id='par_1_2' title="bbox 23 223 856 2716">
     <span class='ocr_line' id='line_1_2' title="bbox 42 223 854 293; baseline 0.001 -18"><span class='ocrx_word' id='word_1_7' title='bbox 42 223 110 293; x_wconf 87' lang='lat' dir='ltr'><strong>quis</strong></span> <span class='ocrx_word' id='word_1_8' title='bbox 122 223 324 281; x_wconf 78' lang='lat' dir='ltr'><strong>divinationem</strong></span> <span class='ocrx_word' id='word_1_9' title='bbox 334 223 446 287; x_wconf 83' lang='lat' dir='ltr'><strong>habeat,</strong></span> <span class='ocrx_word' id='word_1_10' title='bbox 466 241 561 278; x_wconf 84' lang='lat' dir='ltr'><strong>errare</strong></span> <span class='ocrx_word' id='word_1_11' title='bbox 571 224 732 293; x_wconf 81' lang='lat' dir='ltr'><strong>aiiquando,</strong></span> <span class='ocrx_word' id='word_1_12' title='bbox 746 239 797 277; x_wconf 86' lang='lat' dir='ltr'><strong>nee</strong></span> <span class='ocrx_word' id='word_1_13' title='bbox 808 238 854 276; x_wconf 85' lang='lat' dir='ltr'><strong>vs·</strong></span> 
     </span>
     <span class='ocr_line' id='line_1_3' title="bbox 40 294 854 356; baseline -0.004 -9"><span class='ocrx_word' id='word_1_14' title='bbox 40 310 76 347; x_wconf 85' lang='lat' dir='ltr'><strong>ra</strong></span> <span class='ocrx_word' id='word_1_15' title='bbox 89 308 219 346; x_wconf 83' lang='lat' dir='ltr'><strong>cernere:</strong></span> <span class='ocrx_word' id='word_1_16' title='bbox 231 294 301 344; x_wconf 86' lang='lat' dir='ltr'><strong>satis</strong></span> <span class='ocrx_word' id='word_1_17' title='bbox 313 299 356 344; x_wconf 85' lang='lat' dir='ltr'><strong>est</strong></span> <span class='ocrx_word' id='word_1_18' title='bbox 367 295 401 346; x_wconf 87' lang='lat' dir='ltr'><strong>ad</strong></span> <span class='ocrx_word' id='word_1_19' title='bbox 414 295 628 346; x_wconf 79' lang='lat' dir='ltr'><strong>confirmandam</strong></span> <span class='ocrx_word' id='word_1_20' title='bbox 641 295 854 356; x_wconf 72' lang='lat' dir='ltr'><strong>divinationem,</strong></span> 
     </span>
     <span class='ocr_line' id='line_1_4' title="bbox 42 362 854 435; baseline -0.001 -20"><span class='ocrx_word' id='word_1_21' title='bbox 42 364 135 416; x_wconf 82' lang='lat' dir='ltr'><strong>semei</strong></span> <span class='ocrx_word' id='word_1_22' title='bbox 152 363 261 430; x_wconf 83' lang='lat' dir='ltr'><strong>aliquid</strong></span> <span class='ocrx_word' id='word_1_23' title='bbox 277 365 319 413; x_wconf 86' lang='lat' dir='ltr'><strong>ita</strong></span> <span class='ocrx_word' id='word_1_24' title='bbox 335 379 397 435; x_wconf 72' lang='lat' dir='ltr'><strong>esse</strong></span> <span class='ocrx_word' id='word_1_25' title='bbox 412 364 581 426; x_wconf 80' lang='lat' dir='ltr'><strong>divinatum,</strong></span> <span class='ocrx_word' id='word_1_26' title='bbox 602 364 672 416; x_wconf 78' lang='lat' dir='ltr'><strong>nihii</strong></span> <span class='ocrx_word' id='word_1_27' title='bbox 687 371 718 415; x_wconf 85' lang='lat' dir='ltr'><strong>ut</strong></span> <span class='ocrx_word' id='word_1_28' title='bbox 730 362 854 415; x_wconf 82' lang='lat' dir='ltr'><strong>fortuito</strong></span> 
     </span>
     <span class='ocr_line' id='line_1_5' title="bbox 44 432 855 501; baseline -0.004 -16"><span class='ocrx_word' id='word_1_29' title='bbox 44 433 189 486; x_wconf 71' lang='lat' dir='ltr'><strong>cecidisse</strong></span> <span class='ocrx_word' id='word_1_30' title='bbox 206 432 344 485; x_wconf 81' lang='lat' dir='ltr'><strong>videatur.</strong></span> <span class='ocrx_word' id='word_1_31' title='bbox 380 433 452 486; x_wconf 83' lang='lat' dir='ltr'><strong>Sunt</strong></span> <span class='ocrx_word' id='word_1_32' title='bbox 468 441 563 499; x_wconf 81' lang='lat' dir='ltr'><strong>autem</strong></span> <span class='ocrx_word' id='word_1_33' title='bbox 579 434 641 485; x_wconf 82' lang='lat' dir='ltr'><strong>eius</strong></span> <span class='ocrx_word' id='word_1_34' title='bbox 652 434 761 501; x_wconf 77' lang='lat' dir='ltr'><strong>generis</strong></span> <span class='ocrx_word' id='word_1_35' title='bbox 775 433 855 484; x_wconf 83' lang='lat' dir='ltr'><strong>innu-</strong></span> 
     </span>
     <span class='ocr_line' id='line_1_6' title="bbox 43 502 854 570; baseline -0.004 -15"><span class='ocrx_word' id='word_1_36' title='bbox 43 502 206 555; x_wconf 76' lang='lat' dir='ltr'><strong>merabilia.</strong></span> <span class='ocrx_word' id='word_1_37' title='bbox 249 503 320 563; x_wconf 81' lang='lat' dir='ltr'><strong>Esse</strong></span> <span class='ocrx_word' id='word_1_38' title='bbox 337 503 427 570; x_wconf 80' lang='lat' dir='ltr'><strong>igitur</strong></span> <span class='ocrx_word' id='word_1_39' title='bbox 446 504 647 555; x_wconf 80' lang='lat' dir='ltr'><strong>divinationem</strong></span> <span class='ocrx_word' id='word_1_40' title='bbox 666 502 854 555; x_wconf 81' lang='lat' dir='ltr'><strong>confitendum</strong></span> 
     </span>
     <span class='ocr_line' id='line_1_7' title="bbox 45 568 855 640; baseline -0.004 -16"><span class='ocrx_word' id='word_1_41' title='bbox 45 578 99 624; x_wconf 86' lang='lat' dir='ltr'><strong>est.</strong></span> <span class='ocrx_word' id='word_1_42' title='bbox 115 571 231 623; x_wconf 75' lang='lat' dir='ltr'>Festive</span> <span class='ocrx_word' id='word_1_43' title='bbox 241 578 270 623; x_wconf 88' lang='lat' dir='ltr'><strong>et</strong></span> <span class='ocrx_word' id='word_1_44' title='bbox 280 573 408 624; x_wconf 80' lang='lat' dir='ltr'><strong>breviter.</strong></span> <span class='ocrx_word' id='word_1_45' title='bbox 426 571 482 624; x_wconf 75' lang='lat' dir='ltr'><strong>Seu</strong></span> <span class='ocrx_word' id='word_1_46' title='bbox 493 589 577 640; x_wconf 83' lang='lat' dir='ltr'><strong>quum</strong></span> <span class='ocrx_word' id='word_1_47' title='bbox 588 573 632 622; x_wconf 86' lang='lat' dir='ltr'><strong>bis</strong></span> <span class='ocrx_word' id='word_1_48' title='bbox 639 575 766 638; x_wconf 76' lang='lat' dir='ltr'><strong>sumpsit,</strong></span> <span class='ocrx_word' id='word_1_49' title='bbox 778 568 855 639; x_wconf 88' lang='lat' dir='ltr'><strong>quod</strong></span> 
     </span>
     <span class='ocr_line' id='line_1_8' title="bbox 42 639 855 702; baseline 0 -11"><span class='ocrx_word' id='word_1_50' title='bbox 42 641 157 702; x_wconf 74' lang='lat' dir='ltr'><strong>voluit,</strong></span> <span class='ocrx_word' id='word_1_51' title='bbox 178 641 264 692; x_wconf 85' lang='lat' dir='ltr'><strong>etiam</strong></span> <span class='ocrx_word' id='word_1_52' title='bbox 273 641 408 693; x_wconf 60' lang='lat' dir='ltr'><strong>si‘iaeiies</strong></span> <span class='ocrx_word' id='word_1_53' title='bbox 420 657 473 693; x_wconf 86' lang='lat' dir='ltr'><strong>nos</strong></span> <span class='ocrx_word' id='word_1_54' title='bbox 487 642 523 692; x_wconf 84' lang='lat' dir='ltr'><strong>ad</strong></span> <span class='ocrx_word' id='word_1_55' title='bbox 539 641 743 693; x_wconf 79' lang='lat' dir='ltr'><strong>oonoedeudnm</strong></span> <span class='ocrx_word' id='word_1_56' title='bbox 753 639 855 692; x_wconf 82' lang='lat' dir='ltr'><strong>habue-</strong></span> 
     </span>
     <span class='ocr_line' id='line_1_9' title="bbox 40 707 854 776; baseline -0.004 -15"><span class='ocrx_word' id='word_1_57' title='bbox 40 710 101 761; x_wconf 76' lang='lat' dir='ltr'><strong>rit:</strong></span> <span class='ocrx_word' id='word_1_58' title='bbox 116 710 151 771; x_wconf 22' lang='lat' dir='ltr'><strong>,id</strong></span> <span class='ocrx_word' id='word_1_59' title='bbox 168 716 276 771; x_wconf 81' lang='lat' dir='ltr'><strong>tamen,</strong></span> <span class='ocrx_word' id='word_1_60' title='bbox 296 711 372 776; x_wconf 81' lang='lat' dir='ltr'><strong>qued</strong></span> <span class='ocrx_word' id='word_1_61' title='bbox 385 713 517 772; x_wconf 77' lang='lat' dir='ltr'><strong>assumit,</strong></span> <span class='ocrx_word' id='word_1_62' title='bbox 537 710 656 761; x_wconf 75' lang='lat' dir='ltr'><strong>oonoedi</strong></span> <span class='ocrx_word' id='word_1_63' title='bbox 675 711 753 762; x_wconf 82' lang='lat' dir='ltr'><strong>nullo</strong></span> <span class='ocrx_word' id='word_1_64' title='bbox 769 707 854 760; x_wconf 85' lang='lat' dir='ltr'><strong>modo</strong></span> 
     </span>
     <span class='ocr_line' id='line_1_10' title="bbox 43 776 855 846; baseline 0 -17"><span class='ocrx_word' id='word_1_65' title='bbox 43 778 175 846; x_wconf 58' lang='lat' dir='ltr'><strong>potest!</strong></span> <span class='ocrx_word' id='word_1_66' title='bbox 212 776 271 829; x_wconf 77' lang='lat'><strong>108.</strong></span> <span class='ocrx_word' id='word_1_67' title='bbox 287 778 331 840; x_wconf 84' lang='lat' dir='ltr'><strong>Si,</strong></span> <span class='ocrx_word' id='word_1_68' title='bbox 350 781 457 846; x_wconf 82' lang='lat' dir='ltr'><strong>inquit,</strong></span> <span class='ocrx_word' id='word_1_69' title='bbox 478 778 632 846; x_wconf 81' lang='lat' dir='ltr'><strong>aliquando</strong></span> <span class='ocrx_word' id='word_1_70' title='bbox 643 779 721 830; x_wconf 86' lang='lat' dir='ltr'><strong>oculi</strong></span> <span class='ocrx_word' id='word_1_71' title='bbox 731 784 855 845; x_wconf 85' lang='lat' dir='ltr'><strong>peccent,</strong></span> 
     </span>
     <span class='ocr_line' id='line_1_11' title="bbox 44 846 855 915; baseline -0.005 -14"><span class='ocrx_word' id='word_1_72' title='bbox 44 855 154 909; x_wconf 83' lang='lat' dir='ltr'><strong>tamen,</strong></span> <span class='ocrx_word' id='word_1_73' title='bbox 170 849 236 914; x_wconf 84' lang='lat' dir='ltr'><strong>qnia</strong></span> <span class='ocrx_word' id='word_1_74' title='bbox 246 855 323 900; x_wconf 80' lang='lat' dir='ltr'><strong>reete</strong></span> <span class='ocrx_word' id='word_1_75' title='bbox 334 850 484 915; x_wconf 75' lang='lat' dir='ltr'><strong>aliquando</strong></span> <span class='ocrx_word' id='word_1_76' title='bbox 495 849 629 910; x_wconf 78' lang='lat' dir='ltr'><strong>viderint,</strong></span> <span class='ocrx_word' id='word_1_77' title='bbox 643 848 716 899; x_wconf 86' lang='lat' dir='ltr'><strong>inest</strong></span> <span class='ocrx_word' id='word_1_78' title='bbox 727 850 755 898; x_wconf 87' lang='lat' dir='ltr'><strong>in</strong></span> <span class='ocrx_word' id='word_1_79' title='bbox 765 848 801 898; x_wconf 87' lang='lat' dir='ltr'><strong>iis</strong></span> <span class='ocrx_word' id='word_1_80' title='bbox 811 846 855 897; x_wconf 83' lang='lat' dir='ltr'><strong>vis</strong></span> 
     </span>
     <span class='ocr_line' id='line_1_12' title="bbox 44 916 855 985; baseline -0.004 -15"><span class='ocrx_word' id='word_1_81' title='bbox 44 917 193 970; x_wconf 57' lang='lat' dir='ltr'><strong>ridendv‘</strong></span> <span class='ocrx_word' id='word_1_82' title='bbox 229 916 313 979; x_wconf 84' lang='lat' dir='ltr'><strong>item,</strong></span> <span class='ocrx_word' id='word_1_83' title='bbox 335 919 380 980; x_wconf 85' lang='lat' dir='ltr'><strong>„si</strong></span> <span class='ocrx_word' id='word_1_84' title='bbox 391 919 453 985; x_wconf 80' lang='lat' dir='ltr'><strong>quis</strong></span> <span class='ocrx_word' id='word_1_85' title='bbox 464 919 552 969; x_wconf 86' lang='lat' dir='ltr'><strong>semel</strong></span> <span class='ocrx_word' id='word_1_86' title='bbox 562 917 672 984; x_wconf 86' lang='lat' dir='ltr'><strong>aliquid</strong></span> <span class='ocrx_word' id='word_1_87' title='bbox 683 917 798 977; x_wconf 84' lang='lat' dir='ltr'><strong>viderit,</strong></span> <span class='ocrx_word' id='word_1_88' title='bbox 820 916 855 977; x_wconf 86' lang='lat' dir='ltr'><strong>is,</strong></span> 
     </span>
     <span class='ocr_line' id='line_1_13' title="bbox 44 985 856 1052; baseline -0.005 -12"><span class='ocrx_word' id='word_1_89' title='bbox 44 987 135 1040; x_wconf 60' lang='lat' dir='ltr'><strong>fflam</strong></span> <span class='ocrx_word' id='word_1_90' title='bbox 146 1001 232 1052; x_wconf 87' lang='lat' dir='ltr'><strong>quum</strong></span> <span class='ocrx_word' id='word_1_91' title='bbox 248 993 358 1051; x_wconf 78' lang='lat' dir='ltr'><strong>peccet,</strong></span> <span class='ocrx_word' id='word_1_92' title='bbox 378 994 472 1039; x_wconf 68' lang='lat' dir='ltr'><strong>umen</strong></span> <span class='ocrx_word' id='word_1_93' title='bbox 485 986 690 1040; x_wconf 74' lang='lat' dir='ltr'><strong>existimandus</strong></span> <span class='ocrx_word' id='word_1_94' title='bbox 705 987 743 1039; x_wconf 89' lang='lat' dir='ltr'><strong>sit</strong></span> <span class='ocrx_word' id='word_1_95' title='bbox 754 985 856 1037; x_wconf 83' lang='lat' dir='ltr'><strong>habers</strong></span> 
     </span>
     <span class='ocr_line' id='line_1_14' title="bbox 43 1055 854 1125; baseline -0.005 -17"><span class='ocrx_word' id='word_1_96' title='bbox 43 1058 105 1108; x_wconf 76' lang='lat' dir='ltr'><strong>rim</strong></span> <span class='ocrx_word' id='word_1_97' title='bbox 115 1055 289 1107; x_wconf 76' lang='lat' dir='ltr'><strong>divinandi.“</strong></span> <span class='ocrx_word' id='word_1_98' title='bbox 307 1055 379 1107; x_wconf 81' lang='lat' dir='ltr'><strong>Lln.</strong></span> <span class='ocrx_word' id='word_1_99' title='bbox 389 1056 471 1118; x_wconf 85' lang='lat' dir='ltr'><strong>Vide,</strong></span> <span class='ocrx_word' id='word_1_100' title='bbox 484 1070 598 1122; x_wconf 86' lang='lat' dir='ltr'><strong>quaeso,</strong></span> <span class='ocrx_word' id='word_1_101' title='bbox 610 1057 742 1125; x_wconf 85' lang='lat' dir='ltr'><strong>Cratippe</strong></span> <span class='ocrx_word' id='word_1_102' title='bbox 748 1060 854 1117; x_wconf 88' lang='lat' dir='ltr'><strong>noster,</strong></span> 
     </span>
     <span class='ocr_line' id='line_1_15' title="bbox 45 1123 853 1192; baseline -0.001 -16"><span class='ocrx_word' id='word_1_103' title='bbox 45 1140 132 1192; x_wconf 84' lang='lat' dir='ltr'><strong>quam</strong></span> <span class='ocrx_word' id='word_1_104' title='bbox 156 1125 213 1174; x_wconf 90' lang='lat' dir='ltr'><strong>sint</strong></span> <span class='ocrx_word' id='word_1_105' title='bbox 231 1125 289 1175; x_wconf 83' lang='lat' dir='ltr'><strong>ista</strong></span> <span class='ocrx_word' id='word_1_106' title='bbox 311 1125 425 1177; x_wconf 79' lang='lat' dir='ltr'><strong>similia.</strong></span> <span class='ocrx_word' id='word_1_107' title='bbox 460 1125 532 1177; x_wconf 86' lang='lat' dir='ltr'><strong>Num</strong></span> <span class='ocrx_word' id='word_1_108' title='bbox 554 1123 623 1175; x_wconf 82' lang='lat' dir='ltr'><strong>mihi</strong></span> <span class='ocrx_word' id='word_1_109' title='bbox 643 1139 699 1176; x_wconf 85' lang='lat' dir='ltr'><strong>non</strong></span> <span class='ocrx_word' id='word_1_110' title='bbox 713 1126 853 1176; x_wconf 77' lang='lat' dir='ltr'><strong>videntur.</strong></span> 
     </span>
     <span class='ocr_line' id='line_1_16' title="bbox 46 1194 854 1260; baseline -0.002 -14"><span class='ocrx_word' id='word_1_111' title='bbox 46 1195 134 1246; x_wconf 84' lang='lat' dir='ltr'><strong>Oculi</strong></span> <span class='ocrx_word' id='word_1_112' title='bbox 154 1194 229 1245; x_wconf 83' lang='lat' dir='ltr'><strong>enim</strong></span> <span class='ocrx_word' id='word_1_113' title='bbox 250 1209 316 1245; x_wconf 84' lang='lat' dir='ltr'><strong>vers</strong></span> <span class='ocrx_word' id='word_1_114' title='bbox 336 1200 494 1257; x_wconf 79' lang='lat' dir='ltr'><strong>eumentes,</strong></span> <span class='ocrx_word' id='word_1_115' title='bbox 514 1201 637 1245; x_wconf 87' lang='lat' dir='ltr'><strong>utuntur</strong></span> <span class='ocrx_word' id='word_1_116' title='bbox 653 1202 754 1247; x_wconf 84' lang='lat' dir='ltr'><strong>natura</strong></span> <span class='ocrx_word' id='word_1_117' title='bbox 768 1200 854 1260; x_wconf 87' lang='lat' dir='ltr'><strong>atquo</strong></span> 
     </span>
     <span class='ocr_line' id='line_1_17' title="bbox 45 1262 854 1329; baseline -0.005 -13"><span class='ocrx_word' id='word_1_118' title='bbox 45 1278 146 1316; x_wconf 68' lang='lat' dir='ltr'><strong>senum</strong></span> <span class='ocrx_word' id='word_1_119' title='bbox 157 1262 256 1324; x_wconf 72' lang='lat' dir='ltr'><strong>animi,</strong></span> <span class='ocrx_word' id='word_1_120' title='bbox 264 1264 289 1313; x_wconf 85' lang='lat' dir='ltr'><strong>si</strong></span> <span class='ocrx_word' id='word_1_121' title='bbox 299 1263 410 1329; x_wconf 60' lang='lat' dir='ltr'><strong>wando</strong></span> <span class='ocrx_word' id='word_1_122' title='bbox 421 1264 465 1314; x_wconf 81' lang='lat' dir='ltr'><strong>vei</strong></span> <span class='ocrx_word' id='word_1_123' title='bbox 476 1264 655 1315; x_wconf 80' lang='lat' dir='ltr'><strong>vaticinando</strong></span> <span class='ocrx_word' id='word_1_124' title='bbox 664 1265 707 1316; x_wconf 84' lang='lat' dir='ltr'><strong>vei</strong></span> <span class='ocrx_word' id='word_1_125' title='bbox 714 1264 854 1315; x_wconf 83' lang='lat' dir='ltr'><strong>somnian-</strong></span> 
     </span>
     <span class='ocr_line' id='line_1_18' title="bbox 46 1331 852 1400; baseline -0.002 -16"><span class='ocrx_word' id='word_1_126' title='bbox 46 1333 85 1391; x_wconf 87' lang='lat' dir='ltr'><strong>do</strong></span> <span class='ocrx_word' id='word_1_127' title='bbox 96 1347 167 1385; x_wconf 74' lang='lat' dir='ltr'><strong>uero</strong></span> <span class='ocrx_word' id='word_1_128' title='bbox 174 1331 321 1395; x_wconf 82' lang='lat' dir='ltr'><strong>viderunt,</strong></span> <span class='ocrx_word' id='word_1_129' title='bbox 337 1333 381 1383; x_wconf 88' lang='lat' dir='ltr'><strong>usi</strong></span> <span class='ocrx_word' id='word_1_130' title='bbox 392 1340 457 1384; x_wconf 86' lang='lat' dir='ltr'><strong>sunt</strong></span> <span class='ocrx_word' id='word_1_131' title='bbox 469 1332 584 1384; x_wconf 71' lang='lat' dir='ltr'><strong>fortuna</strong></span> <span class='ocrx_word' id='word_1_132' title='bbox 595 1340 680 1400; x_wconf 87' lang='lat' dir='ltr'><strong>atque</strong></span> <span class='ocrx_word' id='word_1_133' title='bbox 692 1348 767 1385; x_wconf 81' lang='lat' dir='ltr'><strong>casu.</strong></span> <span class='ocrx_word' id='word_1_134' title='bbox 803 1331 852 1383; x_wconf 83' lang='lat' dir='ltr'><strong>Ni·</strong></span> 
     </span>
     <span class='ocr_line' id='line_1_19' title="bbox 44 1400 853 1471; baseline -0.004 -18"><span class='ocrx_word' id='word_1_135' title='bbox 44 1400 161 1471; x_wconf 61' lang='lat' dir='ltr'><strong>sitorte</strong></span> <span class='ocrx_word' id='word_1_136' title='bbox 173 1416 360 1453; x_wconf 65' lang='lat' dir='ltr'><strong>&lt;concessuros</strong></span> <span class='ocrx_word' id='word_1_137' title='bbox 374 1402 431 1453; x_wconf 89' lang='lat' dir='ltr'><strong>tibi</strong></span> <span class='ocrx_word' id='word_1_138' title='bbox 442 1403 590 1454; x_wconf 83' lang='lat' dir='ltr'><strong>existimas</strong></span> <span class='ocrx_word' id='word_1_139' title='bbox 599 1418 662 1464; x_wconf 90' lang='lat' dir='ltr'><strong>eos,</strong></span> <span class='ocrx_word' id='word_1_140' title='bbox 683 1403 732 1470; x_wconf 87' lang='lat' dir='ltr'><strong>qni</strong></span> <span class='ocrx_word' id='word_1_141' title='bbox 743 1401 853 1452; x_wconf 88' lang='lat' dir='ltr'><strong>somnia</strong></span> 
     </span>
     <span class='ocr_line' id='line_1_20' title="bbox 42 1468 853 1540; baseline -0.002 -17"><span class='ocrx_word' id='word_1_142' title='bbox 42 1472 97 1540; x_wconf 81' lang='lat' dir='ltr'><strong>pru</strong></span> <span class='ocrx_word' id='word_1_143' title='bbox 108 1468 230 1522; x_wconf 88' lang='lat' dir='ltr'><strong>somniis</strong></span> <span class='ocrx_word' id='word_1_144' title='bbox 241 1469 353 1534; x_wconf 83' lang='lat' dir='ltr'><strong>habent,</strong></span> <span class='ocrx_word' id='word_1_145' title='bbox 372 1471 520 1539; x_wconf 83' lang='lat' dir='ltr'><strong>siquando</strong></span> <span class='ocrx_word' id='word_1_146' title='bbox 532 1471 648 1538; x_wconf 78' lang='lat' dir='ltr'><strong>aliquod</strong></span> <span class='ocrx_word' id='word_1_147' title='bbox 657 1472 795 1524; x_wconf 87' lang='lat' dir='ltr'><strong>somnium</strong></span> <span class='ocrx_word' id='word_1_148' title='bbox 809 1484 853 1521; x_wconf 73' lang='lat' dir='ltr'><strong>te·</strong></span> 
     </span>
     <span class='ocr_line' id='line_1_21' title="bbox 41 1539 852 1603; baseline -0.009 -9"><span class='ocrx_word' id='word_1_149' title='bbox 41 1557 108 1594; x_wconf 84' lang='lat' dir='ltr'><strong>rum</strong></span> <span class='ocrx_word' id='word_1_150' title='bbox 118 1542 256 1603; x_wconf 80' lang='lat' dir='ltr'><strong>evaserit,</strong></span> <span class='ocrx_word' id='word_1_151' title='bbox 270 1556 326 1591; x_wconf 90' lang='lat' dir='ltr'><strong>non</strong></span> <span class='ocrx_word' id='word_1_152' title='bbox 336 1541 367 1594; x_wconf 88' lang='lat' dir='ltr'><strong>id</strong></span> <span class='ocrx_word' id='word_1_153' title='bbox 376 1541 496 1593; x_wconf 83' lang='lat' dir='ltr'><strong>fortuito</strong></span> <span class='ocrx_word' id='word_1_154' title='bbox 508 1541 653 1593; x_wconf 73' lang='lat' dir='ltr'><strong>accidisse.</strong></span> <span class='ocrx_word' id='word_1_155' title='bbox 690 1540 745 1592; x_wconf 86' lang='lat' dir='ltr'><strong>Sed</strong></span> <span class='ocrx_word' id='word_1_156' title='bbox 755 1539 852 1589; x_wconf 88' lang='lat' dir='ltr'><strong>demus</strong></span> 
     </span>
     <span class='ocr_line' id='line_1_22' title="bbox 23 1606 853 1676; baseline -0.006 -14"><span class='ocrx_word' id='word_1_157' title='bbox 23 1615 29 1625; x_wconf 96' lang='grc'><strong>’</strong></span> <span class='ocrx_word' id='word_1_158' title='bbox 39 1611 98 1662; x_wconf 82' lang='lat' dir='ltr'><strong>tibi</strong></span> <span class='ocrx_word' id='word_1_159' title='bbox 108 1610 183 1661; x_wconf 81' lang='lat' dir='ltr'><strong>istas</strong></span> <span class='ocrx_word' id='word_1_160' title='bbox 194 1610 267 1660; x_wconf 59' lang='lat' dir='ltr'><strong>duas&lt;</strong></span> <span class='ocrx_word' id='word_1_161' title='bbox 275 1612 462 1676; x_wconf 70' lang='lat' dir='ltr'><strong>sumptiones,</strong></span> <span class='ocrx_word' id='word_1_162' title='bbox 477 1626 524 1673; x_wconf 83' lang='lat' dir='ltr'><strong>ea,</strong></span> <span class='ocrx_word' id='word_1_163' title='bbox 541 1625 614 1676; x_wconf 84' lang='lat' dir='ltr'><strong>quae</strong></span> <span class='ocrx_word' id='word_1_164' title='bbox 624 1606 749 1673; x_wconf 68' lang='grc' dir='ltr'><em>λήμματα</em></span> <span class='ocrx_word' id='word_1_165' title='bbox 759 1606 853 1674; x_wconf 84' lang='lat' dir='ltr'><strong>appel·</strong></span> 
     </span>
     <span class='ocr_line' id='line_1_23' title="bbox 40 1678 853 1745; baseline -0.009 -12"><span class='ocrx_word' id='word_1_166' title='bbox 40 1682 105 1736; x_wconf 82' lang='lat' dir='ltr'><strong>lant</strong></span> <span class='ocrx_word' id='word_1_167' title='bbox 114 1679 283 1730; x_wconf 77' lang='lat' dir='ltr'><strong>Dialectici:</strong></span> <span class='ocrx_word' id='word_1_168' title='bbox 303 1681 352 1730; x_wconf 86' lang='lat' dir='ltr'><strong>sed</strong></span> <span class='ocrx_word' id='word_1_169' title='bbox 368 1694 420 1731; x_wconf 87' lang='lat' dir='ltr'><strong>nus</strong></span> <span class='ocrx_word' id='word_1_170' title='bbox 430 1680 532 1732; x_wconf 82' lang='lat' dir='ltr'><strong>Latine</strong></span> <span class='ocrx_word' id='word_1_171' title='bbox 543 1679 622 1745; x_wconf 87' lang='lat' dir='ltr'><strong>loqui</strong></span> <span class='ocrx_word' id='word_1_172' title='bbox 637 1678 788 1727; x_wconf 81' lang='lat' dir='ltr'><strong>malumus:</strong></span> <span class='ocrx_word' id='word_1_173' title='bbox 811 1691 853 1726; x_wconf 86' lang='lat' dir='ltr'><strong>as·</strong></span> 
     </span>
     <span class='ocr_line' id='line_1_24' title="bbox 40 1746 852 1814; baseline -0.009 -12"><span class='ocrx_word' id='word_1_174' title='bbox 40 1748 172 1814; x_wconf 77' lang='lat' dir='ltr'><strong>sumptio</strong></span> <span class='ocrx_word' id='word_1_175' title='bbox 184 1755 291 1809; x_wconf 80' lang='lat' dir='ltr'><strong>tomen,</strong></span> <span class='ocrx_word' id='word_1_176' title='bbox 312 1762 395 1813; x_wconf 58' lang='lat' dir='ltr'><strong>wem</strong></span> <span class='ocrx_word' id='word_1_177' title='bbox 404 1746 553 1814; x_wconf 77' lang='grc' dir='ltr'><strong><em>πρόςληψιν</em></strong></span> <span class='ocrx_word' id='word_1_178' title='bbox 563 1747 649 1798; x_wconf 89' lang='lat' dir='ltr'><strong>iidem</strong></span> <span class='ocrx_word' id='word_1_179' title='bbox 660 1751 775 1808; x_wconf 78' lang='lat' dir='ltr'><strong>vocant,</strong></span> <span class='ocrx_word' id='word_1_180' title='bbox 797 1759 852 1796; x_wconf 90' lang='lat' dir='ltr'><strong>non</strong></span> 
     </span>
     <span class='ocr_line' id='line_1_25' title="bbox 41 1813 851 1882; baseline -0.006 -11"><span class='ocrx_word' id='word_1_181' title='bbox 41 1819 173 1871; x_wconf 80' lang='lat' dir='ltr'><strong>debitur.</strong></span> <span class='ocrx_word' id='word_1_182' title='bbox 210 1813 270 1868; x_wconf 80' lang='lat' dir='ltr'><strong>too.</strong></span> <span class='ocrx_word' id='word_1_183' title='bbox 285 1818 412 1868; x_wconf 77' lang='lat' dir='ltr'><strong>Assumit</strong></span> <span class='ocrx_word' id='word_1_184' title='bbox 425 1822 519 1868; x_wconf 84' lang='lat' dir='ltr'><strong>autem</strong></span> <span class='ocrx_word' id='word_1_185' title='bbox 532 1817 681 1882; x_wconf 85' lang='lat' dir='ltr'><strong>Cratippus</strong></span> <span class='ocrx_word' id='word_1_186' title='bbox 690 1813 744 1866; x_wconf 85' lang='lat' dir='ltr'><strong>hoc</strong></span> <span class='ocrx_word' id='word_1_187' title='bbox 754 1814 851 1866; x_wconf 76' lang='lat' dir='ltr'><strong>modus</strong></span> 
     </span>
     <span class='ocr_line' id='line_1_26' title="bbox 40 1884 852 1951; baseline -0.002 -14"><span class='ocrx_word' id='word_1_188' title='bbox 40 1887 136 1951; x_wconf 74' lang='lat' dir='ltr'><strong>„Sum</strong></span> <span class='ocrx_word' id='word_1_189' title='bbox 152 1891 249 1937; x_wconf 84' lang='lat' dir='ltr'><strong>autem</strong></span> <span class='ocrx_word' id='word_1_190' title='bbox 262 1885 481 1937; x_wconf 76' lang='lat' dir='ltr'><strong>innumerabiles</strong></span> <span class='ocrx_word' id='word_1_191' title='bbox 501 1885 712 1951; x_wconf 73' lang='lat' dir='ltr'><strong>praesensiones</strong></span> <span class='ocrx_word' id='word_1_192' title='bbox 725 1900 780 1935; x_wconf 85' lang='lat' dir='ltr'><strong>nun</strong></span> <span class='ocrx_word' id='word_1_193' title='bbox 796 1884 852 1936; x_wconf 81' lang='lat' dir='ltr'><strong>for·</strong></span> 
     </span>
     <span class='ocr_line' id='line_1_27' title="bbox 38 1953 852 2022; baseline -0.006 -13"><span class='ocrx_word' id='word_1_194' title='bbox 38 1959 168 2009; x_wconf 82' lang='lat' dir='ltr'><strong>tuitae.“</strong></span> <span class='ocrx_word' id='word_1_195' title='bbox 199 1957 236 2006; x_wconf 82' lang='lat' dir='ltr'><strong>At</strong></span> <span class='ocrx_word' id='word_1_196' title='bbox 246 1969 299 2022; x_wconf 76' lang='lat' dir='ltr'><strong>ego</strong></span> <span class='ocrx_word' id='word_1_197' title='bbox 311 1956 375 2006; x_wconf 82' lang='lat' dir='ltr'><strong>dieu</strong></span> <span class='ocrx_word' id='word_1_198' title='bbox 385 1953 500 2006; x_wconf 82' lang='lat' dir='ltr'><strong>nulium.</strong></span> <span class='ocrx_word' id='word_1_199' title='bbox 531 1953 612 2017; x_wconf 86' lang='lat' dir='ltr'><strong>Vide,</strong></span> <span class='ocrx_word' id='word_1_200' title='bbox 624 1961 729 2020; x_wconf 85' lang='lat' dir='ltr'><strong>quantu</strong></span> <span class='ocrx_word' id='word_1_201' title='bbox 738 1955 777 2006; x_wconf 88' lang='lat' dir='ltr'><strong>sit</strong></span> <span class='ocrx_word' id='word_1_202' title='bbox 788 1968 852 2007; x_wconf 83' lang='lat' dir='ltr'><strong>eun·</strong></span> 
     </span>
     <span class='ocr_line' id='line_1_28' title="bbox 38 2023 852 2089; baseline -0.007 -10"><span class='ocrx_word' id='word_1_203' title='bbox 38 2024 197 2079; x_wconf 74' lang='lat' dir='ltr'><strong>troversia.</strong></span> <span class='ocrx_word' id='word_1_204' title='bbox 234 2023 306 2086; x_wconf 83' lang='lat' dir='ltr'><strong>lam,</strong></span> <span class='ocrx_word' id='word_1_205' title='bbox 326 2023 521 2089; x_wconf 81' lang='lat' dir='ltr'><strong>assumptione</strong></span> <span class='ocrx_word' id='word_1_206' title='bbox 532 2038 588 2075; x_wconf 85' lang='lat' dir='ltr'><strong>non</strong></span> <span class='ocrx_word' id='word_1_207' title='bbox 607 2039 753 2086; x_wconf 79' lang='lat' dir='ltr'><strong>concessa,</strong></span> <span class='ocrx_word' id='word_1_208' title='bbox 773 2023 852 2075; x_wconf 85' lang='lat' dir='ltr'><strong>nulla</strong></span> 
     </span>
     <span class='ocr_line' id='line_1_29' title="bbox 41 2091 851 2159; baseline -0.006 -11"><span class='ocrx_word' id='word_1_209' title='bbox 41 2095 194 2149; x_wconf 83' lang='lat' dir='ltr'><strong>oeneiusio</strong></span> <span class='ocrx_word' id='word_1_210' title='bbox 206 2098 259 2144; x_wconf 83' lang='lat' dir='ltr'><strong>est.</strong></span> <span class='ocrx_word' id='word_1_211' title='bbox 282 2094 319 2144; x_wconf 83' lang='lat' dir='ltr'><strong>At</strong></span> <span class='ocrx_word' id='word_1_212' title='bbox 328 2091 505 2159; x_wconf 86' lang='lat' dir='ltr'><strong>impudentes</strong></span> <span class='ocrx_word' id='word_1_213' title='bbox 514 2107 620 2155; x_wconf 86' lang='lat' dir='ltr'><strong>sumus,</strong></span> <span class='ocrx_word' id='word_1_214' title='bbox 630 2093 687 2158; x_wconf 87' lang='lat' dir='ltr'><strong>qui,</strong></span> <span class='ocrx_word' id='word_1_215' title='bbox 697 2107 781 2159; x_wconf 89' lang='lat' dir='ltr'><strong>quum</strong></span> <span class='ocrx_word' id='word_1_216' title='bbox 793 2100 851 2145; x_wconf 85' lang='lat' dir='ltr'><strong>tem</strong></span> 
     </span>
     <span class='ocr_line' id='line_1_30' title="bbox 39 2160 852 2233; baseline -0.001 -20"><span class='ocrx_word' id='word_1_217' title='bbox 39 2164 228 2233; x_wconf 84' lang='lat' dir='ltr'><strong>perspicuum</strong></span> <span class='ocrx_word' id='word_1_218' title='bbox 239 2163 291 2223; x_wconf 87' lang='lat' dir='ltr'><strong>sit,</strong></span> <span class='ocrx_word' id='word_1_219' title='bbox 311 2175 366 2212; x_wconf 87' lang='lat' dir='ltr'><strong>non</strong></span> <span class='ocrx_word' id='word_1_220' title='bbox 378 2160 570 2212; x_wconf 78' lang='lat' dir='ltr'><strong>concedamus.</strong></span> <span class='ocrx_word' id='word_1_221' title='bbox 607 2161 680 2222; x_wconf 76' lang='lat' dir='ltr'><strong>Quid</strong></span> <span class='ocrx_word' id='word_1_222' title='bbox 691 2168 734 2212; x_wconf 88' lang='lat' dir='ltr'><strong>est</strong></span> <span class='ocrx_word' id='word_1_223' title='bbox 745 2161 852 2228; x_wconf 80' lang='lat' dir='ltr'><strong>perspi·</strong></span> 
     </span>
     <span class='ocr_line' id='line_1_31' title="bbox 40 2229 852 2297; baseline -0.006 -12"><span class='ocrx_word' id='word_1_224' title='bbox 40 2232 145 2285; x_wconf 60' lang='lat' dir='ltr'><strong>ouum?</strong></span> <span class='ocrx_word' id='word_1_225' title='bbox 157 2231 253 2281; x_wconf 81' lang='lat' dir='ltr'><strong>Multa</strong></span> <span class='ocrx_word' id='word_1_226' title='bbox 262 2246 338 2293; x_wconf 76' lang='lat' dir='ltr'><strong>vera,</strong></span> <span class='ocrx_word' id='word_1_227' title='bbox 346 2230 447 2297; x_wconf 85' lang='lat' dir='ltr'><strong>inquit,</strong></span> <span class='ocrx_word' id='word_1_228' title='bbox 458 2229 586 2281; x_wconf 76' lang='lat' dir='ltr'><strong>eradere.</strong></span> <span class='ocrx_word' id='word_1_229' title='bbox 605 2230 689 2292; x_wconf 77' lang='lat' dir='ltr'><strong>Quid,</strong></span> <span class='ocrx_word' id='word_1_230' title='bbox 700 2229 852 2296; x_wconf 86' lang='lat' dir='ltr'><strong>quodmul·</strong></span> 
     </span>
     <span class='ocr_line' id='line_1_32' title="bbox 38 2298 852 2370; baseline -0.011 -15"><span class='ocrx_word' id='word_1_231' title='bbox 38 2309 73 2355; x_wconf 87' lang='lat' dir='ltr'><strong>tu</strong></span> <span class='ocrx_word' id='word_1_232' title='bbox 84 2301 173 2370; x_wconf 77' lang='lat' dir='ltr'><strong>plura</strong></span> <span class='ocrx_word' id='word_1_233' title='bbox 183 2299 271 2351; x_wconf 74' lang='lat' dir='ltr'><strong>falsat</strong></span> <span class='ocrx_word' id='word_1_234' title='bbox 282 2299 379 2350; x_wconf 86' lang='lat' dir='ltr'><strong>Nonne</strong></span> <span class='ocrx_word' id='word_1_235' title='bbox 390 2300 452 2364; x_wconf 79' lang='lat' dir='ltr'><strong>ipsa</strong></span> <span class='ocrx_word' id='word_1_236' title='bbox 462 2298 593 2360; x_wconf 69' lang='lat' dir='ltr'><strong>varietas,</strong></span> <span class='ocrx_word' id='word_1_237' title='bbox 604 2314 675 2364; x_wconf 84' lang='lat' dir='ltr'><strong>quae</strong></span> <span class='ocrx_word' id='word_1_238' title='bbox 687 2298 852 2366; x_wconf 81' lang='lat' dir='ltr'><strong>estpropria</strong></span> 
     </span>
     <span class='ocr_line' id='line_1_33' title="bbox 31 2366 853 2429; baseline -0.01 -6"><span class='ocrx_word' id='word_1_239' title='bbox 31 2372 189 2429; x_wconf 68' lang='lat' dir='ltr'><strong>rossum,</strong></span> <span class='ocrx_word' id='word_1_240' title='bbox 204 2367 345 2419; x_wconf 80' lang='lat' dir='ltr'><strong>fortunam</strong></span> <span class='ocrx_word' id='word_1_241' title='bbox 355 2381 564 2428; x_wconf 81' lang='lat' dir='ltr'><strong>esseeaussam,</strong></span> <span class='ocrx_word' id='word_1_242' title='bbox 584 2380 640 2417; x_wconf 89' lang='lat' dir='ltr'><strong>non</strong></span> <span class='ocrx_word' id='word_1_243' title='bbox 650 2373 787 2429; x_wconf 83' lang='lat' dir='ltr'><strong>naturam,</strong></span> <span class='ocrx_word' id='word_1_244' title='bbox 802 2366 853 2415; x_wconf 91' lang='lat' dir='ltr'><strong>do·</strong></span> 
     </span>
     <span class='ocr_line' id='line_1_34' title="bbox 40 2436 853 2500; baseline -0.01 -8"><span class='ocrx_word' id='word_1_245' title='bbox 40 2439 107 2493; x_wconf 73' lang='lat' dir='ltr'><strong>uett</strong></span> <span class='ocrx_word' id='word_1_246' title='bbox 128 2437 256 2498; x_wconf 83' lang='lat' dir='ltr'><strong>Deinde,</strong></span> <span class='ocrx_word' id='word_1_247' title='bbox 274 2438 301 2487; x_wconf 90' lang='lat' dir='ltr'><strong>si</strong></span> <span class='ocrx_word' id='word_1_248' title='bbox 311 2444 363 2487; x_wconf 88' lang='lat' dir='ltr'><strong>tua</strong></span> <span class='ocrx_word' id='word_1_249' title='bbox 378 2436 603 2497; x_wconf 82' lang='lat' dir='ltr'><strong>istaouuoiusio,</strong></span> <span class='ocrx_word' id='word_1_250' title='bbox 624 2437 769 2500; x_wconf 82' lang='lat' dir='ltr'><strong>Cratippe,</strong></span> <span class='ocrx_word' id='word_1_251' title='bbox 785 2446 853 2484; x_wconf 75' lang='lat' dir='ltr'><strong>vera</strong></span> 
     </span>
     <span class='ocr_line' id='line_1_35' title="bbox 39 2503 853 2571; baseline -0.014 -11"><span class='ocrx_word' id='word_1_252' title='bbox 39 2516 100 2563; x_wconf 76' lang='lat' dir='ltr'><strong>est:</strong></span> <span class='ocrx_word' id='word_1_253' title='bbox 121 2511 230 2571; x_wconf 78' lang='lat' dir='ltr'><strong>(tecum</strong></span> <span class='ocrx_word' id='word_1_254' title='bbox 238 2505 312 2557; x_wconf 81' lang='lat' dir='ltr'><strong>enim</strong></span> <span class='ocrx_word' id='word_1_255' title='bbox 322 2503 392 2556; x_wconf 86' lang='lat' dir='ltr'><strong>mihi</strong></span> <span class='ocrx_word' id='word_1_256' title='bbox 406 2519 451 2555; x_wconf 80' lang='lat' dir='ltr'><strong>uss</strong></span> <span class='ocrx_word' id='word_1_257' title='bbox 466 2511 521 2567; x_wconf 79' lang='lat' dir='ltr'><strong>est)</strong></span> <span class='ocrx_word' id='word_1_258' title='bbox 537 2519 628 2556; x_wconf 82' lang='lat' dir='ltr'><strong>nonne</strong></span> <span class='ocrx_word' id='word_1_259' title='bbox 638 2503 788 2568; x_wconf 74' lang='lat' dir='ltr'><strong>intelligis,</strong></span> <span class='ocrx_word' id='word_1_260' title='bbox 808 2514 853 2550; x_wconf 81' lang='lat' dir='ltr'><strong>eu·</strong></span> 
     </span>
     <span class='ocr_line' id='line_1_36' title="bbox 40 2567 854 2642; baseline -0.018 -13"><span class='ocrx_word' id='word_1_261' title='bbox 40 2576 108 2631; x_wconf 88' lang='lat' dir='ltr'><strong>dem</strong></span> <span class='ocrx_word' id='word_1_262' title='bbox 118 2577 167 2625; x_wconf 85' lang='lat' dir='ltr'><strong>uti</strong></span> <span class='ocrx_word' id='word_1_263' title='bbox 175 2590 259 2642; x_wconf 80' lang='lat' dir='ltr'><strong>posse</strong></span> <span class='ocrx_word' id='word_1_264' title='bbox 270 2581 298 2626; x_wconf 88' lang='lat' dir='ltr'><strong>et</strong></span> <span class='ocrx_word' id='word_1_265' title='bbox 309 2571 485 2641; x_wconf 72' lang='lat' dir='ltr'><strong>haruspices,</strong></span> <span class='ocrx_word' id='word_1_266' title='bbox 506 2579 537 2626; x_wconf 86' lang='lat' dir='ltr'><strong>et</strong></span> <span class='ocrx_word' id='word_1_267' title='bbox 548 2574 753 2639; x_wconf 79' lang='lat' dir='ltr'><strong>fulguratores,</strong></span> <span class='ocrx_word' id='word_1_268' title='bbox 772 2573 800 2616; x_wconf 86' lang='lat' dir='ltr'><strong>et</strong></span> <span class='ocrx_word' id='word_1_269' title='bbox 812 2567 854 2615; x_wconf 89' lang='lat' dir='ltr'><strong>in·</strong></span> 
     </span>
     <span class='ocr_line' id='line_1_37' title="bbox 37 2637 854 2716; baseline -0.005 -16"><span class='ocrx_word' id='word_1_270' title='bbox 37 2649 389 2715; x_wconf 72' lang='lat' dir='ltr'><strong>terpretesustestounu,</strong></span> <span class='ocrx_word' id='word_1_271' title='bbox 409 2648 585 2716; x_wconf 57' lang='lat' dir='ltr'><strong>«angues,</strong></span> <span class='ocrx_word' id='word_1_272' title='bbox 604 2648 633 2695; x_wconf 83' lang='lat' dir='ltr'><strong>et</strong></span> <span class='ocrx_word' id='word_1_273' title='bbox 642 2638 809 2703; x_wconf 61' lang='lat' dir='ltr'><strong>sortilesoes</strong></span> <span class='ocrx_word' id='word_1_274' title='bbox 825 2637 854 2683; x_wconf 62' lang='lat' dir='ltr'><strong>tt</strong></span> 
     </span>
    </p>
   </div>
   <div class='ocr_carea' id='block_1_3' title="bbox 0 0 1046 3025">
    <p class='ocr_par' dir='ltr' id='par_1_3' title="bbox 0 0 1046 3025">
     <span class='ocr_line' id='line_1_38' title="bbox 0 0 1046 3025; baseline 0 1"><span class='ocrx_word' id='word_1_275' title='bbox 0 0 1046 3025; x_wconf 95' lang='lat' dir='ltr'><strong> </strong></span> 
     </span>
    </p>
   </div>
  </div>
 </body>
</html>
