2084 3025
177 122 260 205 'ur
278 151 476 208 nsrrcrrrn
510 153 594 209 cir.
612 153 709 211 maa
778 188 786 202 s
825 154 860 210 oa

36 260 181 319 stimant,
190 255 585 326 libidinumpeecatorumque
596 258 719 311 tmuium
728 256 864 327 paterein
914 248 920 259 ⁴

34 327 182 384 aurieitia
193 326 341 385 licentiam.
363 326 506 380 Virtutum
518 329 643 391 amicitia
653 330 775 382 adiutrix
786 345 804 382 a
815 345 863 382 ua·

36 409 118 453 tura
130 397 201 448 data
212 394 264 459 est,
285 411 342 447 non
352 396 483 449 vitiorum
495 414 588 450 comes
596 400 612 430 ·'
621 406 662 462 ut,
678 401 808 468 quoniam
819 415 864 451 so·

20 467 152 523 xlitaria
168 481 223 517 nou
238 472 333 533 posset
347 466 436 519 virtus
453 468 490 520 ad
507 484 543 520 ea
596 483 649 521 uae
663 485 774 522 summa
789 477 863 532 sunt,

36 536 211 609 pervenire,
226 537 375 589 coniuncta
383 542 412 590 et
423 537 585 591 consociata
595 544 656 590 euru
668 539 758 591 altera
768 554 864 606 perre-

36 610 141 662 niret:
156 621 226 673 quae
238 606 262 657 si
273 622 342 674 quos
351 606 427 660 inter
437 609 557 660 societas
569 614 675 672 autest,
685 607 803 670 antidit,
814 614 864 659 aut

38 679 153 731 futura
166 681 217 738 est,
234 691 329 728 eorum
341 683 385 728 est
395 675 539 730 habendus
550 676 587 728 ad
598 692 735 728 sunimum
747 682 864 729 naturae

37 751 159 802 honum
173 745 295 812 optimus
304 747 539 815 beatissimusque
552 747 710 799 comitatus.
728 745 771 798 84.
783 746 864 798 llaec
924 754 929 763 ·

38 825 101 880 est,
114 816 240 882 inquam,
257 814 388 878 societas,
402 818 432 868 in
443 832 498 884 qua
510 817 605 869 omnia
615 817 719 877 insunt,
730 830 801 883 quae
813 829 863 882 pu·

40 892 119 940 tant
127 882 257 936 homines
264 885 428 952 expetenda,
439 885 580 950 honestas,
592 886 693 956 gloria,
706 882 864 951 tranquilli·

39 965 94 1010 tas
109 954 208 1016 animi,
228 961 312 1023 atque
324 955 499 1008 iucunditas:
522 962 564 1019 ut,
583 968 667 1024 quum
677 955 747 1008 haee
760 954 868 1012 adsint,

40 1028 140 1079 beata
161 1022 221 1076 rita
242 1025 289 1087 sit,
313 1031 342 1078 et
363 1027 423 1078 sine
439 1023 484 1076 his
500 1042 562 1080 esse
576 1041 632 1078 uon
646 1026 745 1092 possit.
782 1022 864 1086 Quod

40 1110 140 1166 quum
153 1094 288 1159 optimum
301 1095 508 1163 maximumque
519 1096 570 1159 sit,
591 1096 614 1147 si
625 1095 654 1147 id
666 1096 793 1148 volumus
807 1093 865 1145 adi·

39 1164 136 1236 pisci,
151 1163 251 1217 virtuti
263 1179 348 1230 opera
360 1164 451 1216 danda
461 1171 516 1230 est3
537 1166 663 1233 sineque
673 1178 762 1232 nequa
772 1162 866 1216 amici·

41 1237 138 1297 tiam,
162 1247 251 1300 neque
262 1234 348 1285 ullam
358 1249 417 1286 rem
429 1235 613 1301 expetendam
625 1236 757 1300 consequi
769 1248 865 1300 possu-

34 1320 124 1360 mus.
162 1302 205 1353 Ea
216 1318 282 1355 vero
299 1305 441 1371 neglecte,
462 1305 509 1372 qui
520 1321 550 1356 se
561 1306 667 1356 amicos
679 1303 782 1356 habere
793 1300 865 1354 arbi·

43 1368 176 1436 trantur,
198 1378 257 1423 tum
268 1389 298 1426 se
310 1375 428 1441 denique
441 1389 549 1425 errasse
560 1375 697 1437 sentiunt,
720 1387 803 1440 quum
814 1386 865 1424 eos

1 1462 23 1514 j
45 1446 150 1516 gravis
172 1442 275 1510 aliquis
297 1460 377 1496 casus
394 1444 516 1526 experiri
531 1442 616 1509 cogit.
652 1443 695 1494 85.
715 1442 864 1504 Quocirca,

46 1512 215 1582 (dicendum
227 1521 270 1586 est
279 1515 352 1586 euim
363 1517 496 1581 saepiae)
513 1529 596 1580 quum
607 1511 786 1574 indicaveris,
803 1510 865 1562 dili·

45 1600 121 1656 gere
132 1579 259 1651 oportet:
282 1600 351 1647 non,
372 1584 455 1652 quum
473 1582 616 1646 dilexeris,
637 1583 773 1635 iudicare.
787 1637 793 1646 ,
809 1579 866 1633 Sed
923 1607 928 1622 ·

48 1670 142 1725 quum
155 1653 250 1704 multis
259 1654 289 1704 in
300 1653 382 1706 rebus
392 1653 566 1722 negligentia
575 1653 731 1720 plectimur,
743 1657 802 1702 tum
809 1666 866 1703 ma·
948 1653 952 1664 ’

47 1727 131 1779 xime
142 1721 174 1774 in'
185 1722 282 1775 amicis
293 1730 321 1776 et
332 1724 487 1792 deligendis
498 1730 527 1774 et
538 1723 671 1775 colendis.
700 1722 866 1788 Praepostov

48 1797 93 1849 ris
106 1794 183 1845 enim
193 1792 299 1860 utimur
310 1795 444 1857 consiliis,
457 1800 486 1845 et
497 1800 563 1846 acta
572 1793 689 1861 agimus,
704 1792 778 1861 quod
789 1799 866 1844 veta-

49 1879 119 1919 mur
129 1862 220 1915 reteri
231 1864 390 1930 proverbio.
426 1864 498 1916 Nam
509 1862 647 1930 implicati
658 1864 733 1914 ultro
745 1868 774 1915 et
786 1862 866 1926 citro,

51 1927 170 1987 velusu
181 1932 321 1996 diuturno,
333 1934 378 1986 vel
390 1934 475 1987 etiam
486 1932 596 1995 officiis,
606 1942 720 2000 repente
733 1933 761 1982 in
772 1933 866 1986 medio

51 2002 300 2066 ou'rsuamicitias,
321 2010 419 2056 exorta
429 2004 524 2071 aliqua
535 2001 697 2067 offensione,
718 2002 868 2071 disrumpi·
958 2055 964 2078 Ι

51 2088 127 2136 mus.
164 2070 266 2125 XXlll.
285 2073 401 2136 quuo
418 2075 504 2127 etiam
521 2074 610 2141 magis
626 2073 813 2139 vituperanda
824 2079 868 2125 cst
952 2111 955 2116 n

52 2144 100 2198 rei
111 2142 233 2195 maxime
242 2143 414 2197 necessariae
425 2151 505 2195 tanta
514 2144 634 2198 incuria.
667 2144 729 2195 Una
740 2149 782 2196 cst
793 2143 868 2195 enim

55 2212 188 2266 amicitia
197 2212 227 2263 in
238 2209 470 2277 rebuslrumanis‚
493 2212 528 2266 de
544 2213 622 2265 cuius
634 2215 758 2266 utilitate
770 2227 868 2264 omnes

56 2296 116 2335 uno
128 2295 178 2334 ore
190 2284 375 2352 consentiunt.
411 2284 586 2352 Quamquam
601 2299 618 2334 a
633 2283 728 2335 multis
740 2283 803 2349 ipsa
813 2283 868 2333 vir-

57 2353 106 2405 tus
118 2352 314 2414 contemnitur,
326 2359 354 2404 et
365 2352 519 2405 venditatio
532 2353 667 2420 quaedam
679 2360 762 2419 atque
775 2358 867 2403 osten·
947 2413 949 2416 Ι

57 2422 133 2478 tatio
146 2437 207 2473 esse
220 2421 331 2475 dicitur.
367 2422 453 2473 Multi
468 2422 581 2475 divitias
597 2422 764 2488 despiciunt,
787 2435 866 2487 quos,

59 2506 148 2558 parvo
166 2498 327 2556 contentos,
345 2493 437 2544 tenuis
453 2489 543 2543 rietus
566 2492 712 2557 cultusque
729 2489 865 2544 delectat:

59 2560 183 2613 honoros
197 2577 273 2624 vero,
285 2577 400 2631 quorum
413 2558 865 2628 eupiditatequidaminilammau·

61 2636 118 2695 tur,
131 2647 214 2699 quam
225 2632 307 2683 multi
318 2633 360 2684 ita
373 2637 560 2693 contemnunt,
572 2626 684 2693 ut‘nihil
695 2629 814 2689 inanius,
826 2626 866 2678 ni·

62 2696 102 2752 hil
122 2702 217 2755 levius
239 2718 299 2754 esse
315 2703 484 2756 existiment.
519 2701 645 2766 itemque
665 2704 773 2757 cetera,
794 2712 865 2755 oum
