2084 3025
140 170 143 175 -
222 134 276 186 DE
295 134 489 189 AMlClTIA
507 136 593 190 CAP.
608 139 634 191 8.
650 134 675 190 9.
817 137 854 193 ⁴5

47 256 129 294 sensu
145 238 270 303 amandi,
292 256 373 362 inam
391 242 576 310 cogitatione,
597 249 728 310 quantum
744 240 796 294 illa
807 254 855 295 res

47 310 179 365 utilitatis
201 318 274 361 esset
317 312 434 365 abitura.
471 313 554 377 quod
575 314 685 380 quidem
707 313 789 380 quale
809 314 856 376 sit,

47 382 134 434 etiam
147 381 174 430 in
186 381 286 433 bestiis
298 383 462 449 quibusdam
474 383 771 450 animadvertipotest:
784 398 855 450 quae

47 467 82 503 ex
91 465 122 501 se
131 457 216 501 natos
229 450 270 503 ita
281 460 375 504 amant
391 453 425 504 ad
437 454 574 521 quoddam
586 460 708 520 tempus,
729 459 758 504 et
767 455 802 504 ab
813 454 855 505 eis

45 524 89 572 ita
102 529 240 583 amantur,
251 527 282 572 ut
292 520 374 574 facile
385 539 481 575 earum
493 540 589 575 sensus
601 528 743 590 appareat.
773 522 856 584 Quod

44 592 74 642 in
87 589 199 642 homine
209 592 297 643 multo
309 600 352 644 est
363 595 526 647 evidentius.
562 593 686 645 Primum
698 607 732 643 ex
743 607 777 642 ea
787 592 856 643 rari·

46 667 122 723 tate,
144 676 215 727 quae
229 669 272 712 est
285 663 358 715 inter
374 671 456 716 natos
467 672 495 715 et
506 671 652 731 parentes3
673 676 744 729 quae
755 660 857 722 dirimi,

45 732 103 782 nisi
114 730 277 792 detestabili
287 735 405 797 scelere,
426 750 480 786 raon
492 741 594 802 potest.
630 731 754 793 Deinde,
773 745 856 796 quum

47 801 149 852 similis
159 817 258 852 sensus
269 805 376 855 exstitit
387 805 531 867 emerissi
542 804 661 871 aliquem
673 803 857 861 nactisumus,

47 871 127 923 cuius
140 886 202 921 cum
213 874 337 925 moribus
349 882 377 925 et
388 880 488 927 natura
499 889 692 942 congruamus,
699 870 774 939 quod
783 870 813 920 in
823 885 857 921 eo

47 941 131 1010 quasi
141 941 234 993 lumen
245 944 358 1012 aliquod
371 945 521 1012 probitatis
538 953 566 995 et
576 943 687 995 virtutis
700 940 857 1008 perspicere

47 1010 204 1062 videamur.
241 1014 284 1065 28.
296 1013 372 1065 Nihil
384 1023 427 1066 est
439 1016 511 1066 enim
525 1014 672 1065 amabilius
684 1013 801 1062 virtute:
818 1010 857 1059 ni·

47 1079 176 1147 hil,quod
187 1084 276 1149 magis
289 1083 397 1135 alliciat
408 1085 442 1134 ad
454 1083 639 1151 diligendum:
652 1083 753 1150 quippe
764 1094 857 1148 quum,

46 1156 164 1218 propter
175 1152 305 1204 virtutem
318 1160 346 1205 et
356 1154 531 1221 probitatem,
542 1169 589 1203 eos
596 1154 690 1216 etiam,
700 1167 770 1220 quos
781 1166 859 1201 nunr-

47 1236 131 1289 quam
150 1220 283 1286 vidimus,
301 1224 420 1289 quodam
437 1224 520 1274 modo
532 1222 689 1290 diligamus.
725 1222 793 1283 Quis
805 1228 857 1282 est,

46 1292 97 1358 qui
110 1291 140 1342 C.
151 1290 285 1356 Fabricii,
306 1294 348 1344 Μ’
361 1294 438 1345 Curii
455 1309 510 1344 non
522 1309 583 1344 eum
596 1292 713 1344 caritate
723 1291 818 1356 aliqua
828 1297 857 1342 et

45 1360 246 1413 benevolentia
256 1363 418 1415 memoriam
428 1369 557 1430 usurpet,
577 1377 646 1430 quos
657 1375 807 1428 autequam
817 1360 858 1411 ai·

48 1429 140 1482 derit?
161 1430 229 1492 Quis
244 1440 335 1485 autent
353 1440 408 1497 est,
431 1435 477 1501 qui
491 1432 675 1498 Tarquinium
694 1429 857 1497 Superbum,
938 1456 947 1463 -

46 1501 98 1569 qui
109 1499 156 1568 Sp.
168 1500 302 1566 Cassium,
314 1503 359 1576 Sp.
371 1503 506 1556 Maelium
517 1519 573 1556 non
585 1501 693 1554 oderit?
710 1502 778 1552 Cum
791 1499 858 1551 duo·

44 1572 100 1623 bus
112 1571 230 1623 ducibus
241 1574 275 1625 de
287 1575 402 1641 imperio
414 1577 443 1627 in
454 1576 538 1626 ltalia
550 1575 730 1634 decertatum,
748 1567 857 1638 Pyrrho

46 1648 77 1695 et
92 1641 260 1694 Hannibale.
297 1646 337 1712 Ab
351 1646 454 1705 altero,
475 1651 590 1712 propter
604 1644 770 1711 probitatem
788 1639 858 1700 eius,
925 1673 929 1684 .

45 1727 106 1765 non
115 1711 198 1762 nimis
210 1713 315 1766 alienos
327 1717 435 1766 animos
445 1714 594 1777 babemus3
614 1714 732 1765 alterum
742 1716 859 1777 propter

45 1780 245 1834 crudelitatem
257 1783 654 1853 semperhaeceiritasoderit.
673 1777 859 1840 lxauauod

44 1852 72 1904 si
85 1857 168 1903 tanta
182 1853 224 1904 ris
241 1856 392 1921 probitatis
409 1861 465 1918 est,
486 1862 518 1905 ut
535 1870 595 1905 eam
609 1853 694 1905 velia
711 1852 767 1914 eis,
787 1865 857 1917 quos

44 1937 201 1989 numquam
221 1923 355 1987 vidimus,
375 1924 436 1986 rel,
456 1924 533 1992 quod
554 1924 643 1975 maius
660 1929 714 1985 est,
734 1922 763 1973 in
777 1919 858 1972 hoste

44 1991 136 2044 etiam
148 1991 307 2059 diligamus:
321 1993 385 2062 quid
397 1995 507 2058 mirum,
519 1994 544 2045 si
554 1993 640 2045 animi
650 1991 791 2044 hominum
801 1999 873 2042 mo·‘

44 2068 179 2124 veantur,
191 2078 273 2130 quum
286 2079 389 2126 eorum,
408 2065 571 2132 quibuscum
582 2080 634 2114 usu
644 2061 785 2114 eoniuneti
797 2075 859 2112 esse

42 2138 183 2198 possunt,
203 2134 335 2186 virtutem
357 2139 385 2185 et
402 2134 557 2186 bonitatem
573 2134 731 2201 perspicere
746 2131 860 2182 videan-

43 2201 112 2253 turi
128 2201 220 2262 Quam
240 2218 304 2254 uam
316 2203 497 2257 confirmatdr
507 2220 587 2256 amor
597 2209 626 2255 et
635 2203 771 2255 beneficio
782 2215 860 2252 aece-

41 2276 111 2338 pto,
135 2277 165 2322 et
175 2218 269 2323 studio
281 2281 441 2346 perspecto,
459 2281 488 2327 et
503 2273 703 2326 consuetudine
714 2271 858 2323 adiuncta:

42 2342 152 2408 quibus
165 2341 249 2393 rebus
261 2342 297 2393 ad
307 2343 386 2395 illum
397 2345 516 2411 primum
527 2350 635 2395 motum
646 2342 733 2394 animi
744 2347 773 2391 et
783 2352 859 2389 amo·

40 2411 84 2462 ris
104 2409 254 2475 adhibitis,
273 2413 448 2467 admirabilis
462 2414 599 2482 quaedam
611 2409 768 2464 exardescit
777 2410 859 2459 bene·

40 2480 193 2532 velentiae
207 2484 383 2551 magnitudo:
402 2500 486 2552 quam
503 2485 531 2536 si
545 2484 593 2550 qui
607 2484 708 2548 putant
724 2479 760 2528 ab
775 2474 860 2526 imbe-

41 2550 173 2606 cillitate
186 2552 334 2618 proficisci,
346 2563 378 2606 ut
388 2555 435 2617 sit,
449 2568 592 2621 perquem
603 2550 719 2617 quisque
731 2558 861 2609 metim·

40 2626 107 2682 tur,
129 2621 205 2687 quod
227 2622 380 2691 desideret,
402 2623 536 2675 hamilem
552 2636 619 2673 sane
635 2617 816 2695 relinquunfs·
832 2616 862 2663 θ*

39 2688 165 2743 minime
179 2707 360 2761 generosum,
380 2699 414 2747 ut
428 2693 471 2745 ita
481 2691 585 2752 dicam,
606 2694 699 2740 ortum
709 2688 861 2745 amicitiae,
