2084 3025
219 91 299 146 LlB.
314 93 371 147 Ill.
406 91 490 149 csl’.
509 91 552 149 15.
567 91 610 150 id.
626 92 671 149 17.
792 91 845 150 127

51 172 201 267 llepamut
210 199 346 261 Taurum,
353 204 384 249 ut
394 198 532 252 Leonem
550 206 599 252 aut
608 214 701 253 rsmm
713 198 847 253 inanima·

51 278 144 330 miuus,
165 268 294 336 utilrgo,
313 270 448 332 utilium,
465 270 654 322 utcorouam.
688 270 732 323 41.
751 268 806 323 Sed
816 275 849 322 ut

51 337 112 390 iaec
121 336 432 405 concedantur‚rcliqua
442 343 489 405 qul
499 339 613 390 tandem
623 354 679 391 son
688 339 774 392 modo
785 354 849 392 cou-
949 338 952 347 ⁴

50 408 115 470 cedi,
123 406 173 460 sed
184 408 299 459 omnmo
308 399 431 475 intelligi
442 407 576 474 possuntt
594 410 684 473 Quum
695 409 789 477 fruges
799 411 850 461 Ca·

50 492 141 539 rerem,
161 477 257 527 riuum
268 476 401 528 Liberum
410 477 540 539 dicimus,
561 491 663 546 genero
673 495 724 531 uos
736 478 851 547 quidcm

52 546 179 601 mmionis
195 547 302 597 utimur
314 547 435 599 usitato:
453 547 504 600 scd
515 563 630 615 ecquem
641 555 700 613 tam
710 555 849 601 amentem

52 621 206 683 essecutus,
223 617 272 682 qui
280 616 367 679 illud,
386 631 441 685 quo
451 623 591 679 restatur,
598 617 688 670 Deum
699 617 797 670 credat
808 633 849 671 cs·

51 686 92 739 sci
100 686 170 737 Nam
180 699 251 752 quos
262 687 296 737 ab
307 685 466 739 homiuibus
475 687 633 753 perverisse
644 686 713 738 dicis
722 686 850 750 sdDeus,

51 761 79 807 tu
92 755 177 807 reddo
190 756 345 817 rationem,
360 755 593 823 quemadmodum
604 756 634 807 id
646 757 707 807 lieri
716 758 851 823 potuerit,

50 831 96 877 aut
108 838 158 875 cur
169 824 234 874 fieri
243 824 372 886 desierit,
392 832 421 878 ct
430 841 483 894 ego
495 825 600 877 discum
612 825 742 879 libenter.
776 826 852 889 Quo·

48 894 128 946 modo
143 909 216 945 nunc
232 893 415 961 quidemst,
436 910 492 947 son
504 896 602 958 video,
622 911 677 963 quo
692 900 776 963 pacto
791 895 851 957 ille,

49 965 128 1017 cuim
137 974 230 1016 monte
240 961 342 1016 Oetaeo
356 964 453 1019 illatas
466 965 603 1033 loripedes
613 967 748 1049 sumunt,
768 971 800 1016 ut
809 965 851 1018 ait

48 1033 153 1095 iccius,
161 1034 191 1086 is
201 1034 308 1086 domum
319 1043 460 1086 aeternam
467 1035 561 1102 patria
571 1048 606 1087 cx
614 1035 667 1087 illo
678 1035 781 1088 ardore
789 1049 851 1103 per·
947 1054 951 1059 ⁴

48 1103 164 1157 rcncrit:
184 1118 266 1170 quem
282 1109 376 1154 mmcd
384 1104 527 1156 Homerus
540 1105 614 1172 apud
629 1105 735 1158 inferos
750 1121 849 1158 corre·

47 1174 97 1225 siri
114 1172 188 1224 facit
204 1174 241 1224 ab
256 1173 351 1236 Ulixe,
369 1173 444 1236 sicut
462 1180 583 1238 ceteros,
604 1176 652 1243 qui
671 1180 850 1228 excesserunt

9 1252 11 1267 ¹
46 1243 109 1295 vita
143 1244 189 1296 42.
207 1244 500 1310 Quamquam-quem
511 1246 688 1310 potissimum
696 1246 849 1298 Herculem

46 1313 178 1375 mamus,
192 1312 267 1364 scire
276 1328 343 1365 saue
353 1311 450 1365 uelim.
483 1313 584 1366 Plures
593 1315 666 1367 cuim
676 1315 792 1367 tradunt
802 1329 850 1367 uo·

44 1382 84 1435 lis
97 1383 135 1446 ii,
156 1382 204 1449 qui
218 1383 370 1435 interiores
384 1388 547 1436 scrutantur
556 1390 584 1436 et
599 1386 760 1438 reconditas
775 1385 850 1438 litte·

43 1465 99 1504 ms:
118 1452 436 1521 antiquissimum„love
446 1460 551 1517 uatum,
565 1455 615 1505 sed
625 1454 767 1508 itemloro
778 1454 850 1504 anti·
962 1470 964 1475 ·

41 1524 186 1591 quissimu,
214 1523 286 1575 Nam
297 1524 377 1575 loves
391 1537 501 1590 quoque
510 1524 604 1589 plurcs
614 1524 644 1574 in
653 1524 754 1593 priscis
764 1523 850 1575 Grae·

40 1607 134 1645 comm
146 1592 254 1645 litteris
263 1593 426 1645 invenimus.
457 1593 501 1643 Ex
511 1608 545 1643 eo
557 1593 643 1660 igitur
653 1599 682 1645 ct
693 1594 794 1659 hisyto
804 1599 849 1644 est

40 1662 225 1727 bHcrouks,
233 1676 315 1730 quem
325 1662 532 1714 concertavisse
542 1677 604 1713 cum
613 1660 744 1731 Apolline
754 1661 789 1713 de
798 1662 849 1713 tn'·

40 1733 108 1800 podo
123 1733 294 1799 accepimus.
330 1731 409 1784 Alter
422 1731 547 1782 traditur
560 1732 627 1784 Nilo
643 1738 740 1794 uatus,
757 1734 849 1801 Aegy·

40 1803 122 1868 otius:
143 1817 229 1871 quem
250 1801 329 1854 aiunt
349 1798 489 1869 Phrygias
507 1802 620 1854 litteras
640 1803 846 1871 conscripsisse.

41 1872 153 1924 'lortius
168 1877 212 1924 est
228 1885 264 1922 cx
278 1870 370 1924 Idaeis
380 1871 499 1938 Digitis:
521 1872 566 1923 cui
582 1871 701 1942 iuferius
716 1872 846 1926 afferunt.

42 1940 162 2002 Quartus
174 1947 218 1994 cst
229 1940 303 1992 loris
317 1941 496 2004 misterius,
515 1940 642 1995 Latonae
660 1958 692 1994 so
726 1944 778 2005 ris,
798 1941 846 2010 qui

41 2010 106 2078 'lysi
121 2011 251 2063 maximo
266 2009 383 2072 colitur3
405 2010 482 2061 cuius
492 2008 692 2131 Karthaginem
730 2013 795 2064 liam
806 2011 846 2063 fs·

614 2097 624 2131 ι

39 2087 109 2133 rust.
145 2081 272 2141 Quintus
285 2076 420 2142 inludia,
439 2079 486 2145 qui
495 2079 582 2132 Belus
626 2083 707 2134 citur.
743 2081 846 2135 Sextus

39 2146 80 2201 luc
89 2166 125 2203 cx
136 2150 307 2211 Alcumena,
325 2148 541 2217 quem-luppiter
555 2152 667 2218 genuit,
684 2150 734 2203 sed
743 2153 846 2204 tertius

39 2217 174 2287 luppiter:
184 2220 327 2286 quoniam
335 2224 368 2270 ut
378 2217 434 2270 iam
445 2219 560 2284 docebo,
569 2221 662 2288 plures
667 2220 748 2275 loves
758 2222 845 2274 etiam

40 2302 98 2341 tuce
118 2291 209 2341 imus.

84 2305 179 2411 Xlel.
197 2358 243 2413 4³.
260 2356 378 2419 Quando
389 2357 462 2409 enim
472 2373 519 2411 me
532 2358 560 2408 in
571 2356 643 2412 hunc
657 2359 751 2412 locum
761 2357 846 2411 dedu·

39 2426 76 2479 sit
84 2430 195 2491 oratio,
209 2428 333 2491 docebo,
350 2427 469 2480 meliora
478 2443 522 2479 me
534 2428 666 2482 didicisse
677 2430 711 2481 de
723 2426 846 2498 colendis

40 2493 97 2549 Diis
111 2497 323 2550 immortalibus
338 2499 399 2550 iure
414 2497 559 2565 pontificio
570 2506 599 2552 ct
609 2500 745 2550 maiorum
761 2508 848 2571 more,

39 2568 250 2633 mpedunculis,
260 2582 328 2635 quas
337 2568 429 2619 Numa
437 2568 519 2619 uobis
531 2568 655 2634 rcliquit,
666 2567 701 2617 de
711 2563 810 2640 quibus
820 2576 847 2641 ¹3¹

36 2634 87 2690 illa
96 2637 221 2691 ameola
232 2638 408 2691 oratiuncula
419 2636 488 2690 dicit
497 2637 622 2699 Laelius,
641 2647 725 2702 quum
734 2635 836 2681 ratium
