<?xml version="1.0" encoding="UTF-8"?>
<!DOCTYPE html PUBLIC "-//W3C//DTD XHTML 1.0 Transitional//EN"
    "http://www.w3.org/TR/xhtml1/DTD/xhtml1-transitional.dtd">
<html xmlns="http://www.w3.org/1999/xhtml" xml:lang="en" lang="en">
 <head>
  <title>
</title>
<meta http-equiv="Content-Type" content="text/html;charset=utf-8" />
  <meta name='ocr-system' content='tesseract 3.04.00' />
  <meta name='ocr-capabilities' content='ocr_page ocr_carea ocr_par ocr_line ocrx_word'/>
</head>
<body>
  <div class='ocr_page' id='page_1' title='image "./opera00nobbgoog/opera00nobbgoog_0805.png"; bbox 0 0 2084 3025; ppageno 0'>
   <div class='ocr_carea' id='block_1_1' title="bbox 316 139 853 220">
    <p class='ocr_par' dir='ltr' id='par_1_1' title="bbox 316 139 853 220">
     <span class='ocr_line' id='line_1_1' title="bbox 316 139 853 220; baseline 0.007 -25"><span class='ocrx_word' id='word_1_1' title='bbox 316 141 587 199; x_wconf 73' lang='lat' dir='ltr'><strong>rnneuunrn.</strong></span> <span class='ocrx_word' id='word_1_2' title='bbox 800 139 853 220; x_wconf 70' lang='lat'><strong>119</strong></span> 
     </span>
    </p>
   </div>
   <div class='ocr_carea' id='block_1_2' title="bbox 48 247 854 1002">
    <p class='ocr_par' dir='ltr' id='par_1_2' title="bbox 48 247 854 1002">
     <span class='ocr_line' id='line_1_2' title="bbox 50 247 852 315; baseline -0.001 -13"><span class='ocrx_word' id='word_1_3' title='bbox 50 260 157 302; x_wconf 62' lang='lat' dir='ltr'><strong>uarro</strong></span> <span class='ocrx_word' id='word_1_4' title='bbox 177 260 319 299; x_wconf 74' lang='lat' dir='ltr'><strong>nnuuuu</strong></span> <span class='ocrx_word' id='word_1_5' title='bbox 339 264 368 299; x_wconf 81' lang='lat' dir='ltr'><strong>u.</strong></span> <span class='ocrx_word' id='word_1_6' title='bbox 390 263 519 301; x_wconf 72' lang='lat' dir='ltr'><strong>roomo</strong></span> <span class='ocrx_word' id='word_1_7' title='bbox 541 258 703 314; x_wconf 69' lang='lat' dir='ltr'><strong>moron,</strong></span> <span class='ocrx_word' id='word_1_8' title='bbox 721 247 789 315; x_wconf 84' lang='lat' dir='ltr'><strong>quid</strong></span> <span class='ocrx_word' id='word_1_9' title='bbox 803 248 852 301; x_wconf 81' lang='lat' dir='ltr'><strong>ha·</strong></span> 
     </span>
     <span class='ocr_line' id='line_1_3' title="bbox 49 316 851 383; baseline 0.001 -14"><span class='ocrx_word' id='word_1_10' title='bbox 49 318 142 376; x_wconf 75' lang='lat' dir='ltr'><strong>beros,</strong></span> <span class='ocrx_word' id='word_1_11' title='bbox 162 316 237 383; x_wconf 71' lang='lat' dir='ltr'><strong>quoii</strong></span> <span class='ocrx_word' id='word_1_12' title='bbox 257 317 379 368; x_wconf 66' lang='lat' dir='ltr'><strong>diceres?</strong></span> <span class='ocrx_word' id='word_1_13' title='bbox 400 316 488 379; x_wconf 83' lang='lat' dir='ltr'><strong>Nihil,</strong></span> <span class='ocrx_word' id='word_1_14' title='bbox 509 319 616 383; x_wconf 77' lang='lat' dir='ltr'><strong>opinor.</strong></span> <span class='ocrx_word' id='word_1_15' title='bbox 652 319 762 369; x_wconf 79' lang='lat' dir='ltr'><strong>Fateris</strong></span> <span class='ocrx_word' id='word_1_16' title='bbox 777 319 851 370; x_wconf 86' lang='lat' dir='ltr'><strong>euim</strong></span> 
     </span>
     <span class='ocr_line' id='line_1_4' title="bbox 51 384 851 455; baseline 0 -17"><span class='ocrx_word' id='word_1_17' title='bbox 51 384 156 446; x_wconf 83' lang='lat' dir='ltr'><strong>omnia,</strong></span> <span class='ocrx_word' id='word_1_18' title='bbox 167 391 196 435; x_wconf 87' lang='lat' dir='ltr'><strong>et</strong></span> <span class='ocrx_word' id='word_1_19' title='bbox 206 384 343 437; x_wconf 78' lang='lat' dir='ltr'><strong>familiam</strong></span> <span class='ocrx_word' id='word_1_20' title='bbox 355 384 383 437; x_wconf 86' lang='lat' dir='ltr'><strong>P.</strong></span> <span class='ocrx_word' id='word_1_21' title='bbox 395 386 476 436; x_wconf 78' lang='lat' dir='ltr'><strong>Fabii</strong></span> <span class='ocrx_word' id='word_1_22' title='bbox 487 385 596 447; x_wconf 79' lang='lat' dir='ltr'><strong>secisse,</strong></span> <span class='ocrx_word' id='word_1_23' title='bbox 617 393 645 437; x_wconf 87' lang='lat' dir='ltr'><strong>ot</strong></span> <span class='ocrx_word' id='word_1_24' title='bbox 657 388 684 436; x_wconf 78' lang='lat' dir='ltr'><strong>vi</strong></span> <span class='ocrx_word' id='word_1_25' title='bbox 694 386 851 455; x_wconf 68' lang='lat' dir='ltr'><strong>hominibus</strong></span> 
     </span>
     <span class='ocr_line' id='line_1_5' title="bbox 50 453 851 517; baseline 0.005 -13"><span class='ocrx_word' id='word_1_26' title='bbox 50 455 169 504; x_wconf 81' lang='lat' dir='ltr'><strong>armatis</strong></span> <span class='ocrx_word' id='word_1_27' title='bbox 185 453 292 505; x_wconf 72' lang='lat' dir='ltr'><strong>sociere.</strong></span> <span class='ocrx_word' id='word_1_28' title='bbox 329 453 410 514; x_wconf 76' lang='lat' dir='ltr'><strong>Quod</strong></span> <span class='ocrx_word' id='word_1_29' title='bbox 426 455 551 505; x_wconf 79' lang='lat' dir='ltr'><strong>additum</strong></span> <span class='ocrx_word' id='word_1_30' title='bbox 568 461 623 517; x_wconf 81' lang='lat' dir='ltr'><strong>ost,</strong></span> <span class='ocrx_word' id='word_1_31' title='bbox 644 457 851 516; x_wconf 74' lang='lat' dir='ltr'><strong>oooo‘unno,</strong></span> 
     </span>
     <span class='ocr_line' id='line_1_6' title="bbox 51 521 853 590; baseline 0 -16"><span class='ocrx_word' id='word_1_32' title='bbox 51 522 82 574; x_wconf 82' lang='lat' dir='ltr'><strong>iu</strong></span> <span class='ocrx_word' id='word_1_33' title='bbox 95 527 124 572; x_wconf 87' lang='lat' dir='ltr'><strong>te</strong></span> <span class='ocrx_word' id='word_1_34' title='bbox 136 521 266 572; x_wconf 69' lang='lat' dir='ltr'><strong>adiutore</strong></span> <span class='ocrx_word' id='word_1_35' title='bbox 278 524 402 588; x_wconf 62' lang='lat' dir='ltr'><strong>putenm</strong></span> <span class='ocrx_word' id='word_1_36' title='bbox 414 539 467 590; x_wconf 82' lang='lat' dir='ltr'><strong>quo</strong></span> <span class='ocrx_word' id='word_1_37' title='bbox 479 524 645 590; x_wconf 80' lang='lat' dir='ltr'><strong>opprimitur</strong></span> <span class='ocrx_word' id='word_1_38' title='bbox 656 531 684 574; x_wconf 89' lang='lat' dir='ltr'><strong>et</strong></span> <span class='ocrx_word' id='word_1_39' title='bbox 696 524 853 576; x_wconf 79' lang='lat' dir='ltr'><strong>excluditur</strong></span> 
     </span>
     <span class='ocr_line' id='line_1_7' title="bbox 53 590 853 643; baseline 0.001 -1"><span class='ocrx_word' id='word_1_40' title='bbox 53 590 145 642; x_wconf 83' lang='lat' dir='ltr'><strong>omnis</strong></span> <span class='ocrx_word' id='word_1_41' title='bbox 155 597 203 640; x_wconf 81' lang='lat' dir='ltr'><strong>tua</strong></span> <span class='ocrx_word' id='word_1_42' title='bbox 213 590 355 642; x_wconf 65' lang='lat' dir='ltr'><strong>defensio?</strong></span> <span class='ocrx_word' id='word_1_43' title='bbox 391 592 432 643; x_wconf 74' lang='lat'><strong>32</strong></span> <span class='ocrx_word' id='word_1_44' title='bbox 454 593 525 643; x_wconf 80' lang='lat' dir='ltr'><strong>Nam</strong></span> <span class='ocrx_word' id='word_1_45' title='bbox 535 592 560 642; x_wconf 81' lang='lat' dir='ltr'><strong>si</strong></span> <span class='ocrx_word' id='word_1_46' title='bbox 571 592 695 642; x_wconf 84' lang='lat' dir='ltr'><strong>additum</strong></span> <span class='ocrx_word' id='word_1_47' title='bbox 706 592 735 642; x_wconf 86' lang='lat' dir='ltr'><strong>id</strong></span> <span class='ocrx_word' id='word_1_48' title='bbox 748 609 801 642; x_wconf 89' lang='lat' dir='ltr'><strong>non</strong></span> <span class='ocrx_word' id='word_1_49' title='bbox 814 608 853 643; x_wconf 79' lang='lat' dir='ltr'><strong>eo·</strong></span> 
     </span>
     <span class='ocr_line' id='line_1_8' title="bbox 50 659 852 723; baseline 0.001 -13"><span class='ocrx_word' id='word_1_50' title='bbox 50 665 96 710; x_wconf 76' lang='lat' dir='ltr'><strong>oet</strong></span> <span class='ocrx_word' id='word_1_51' title='bbox 107 674 141 709; x_wconf 84' lang='lat' dir='ltr'><strong>ao</strong></span> <span class='ocrx_word' id='word_1_52' title='bbox 151 659 202 709; x_wconf 83' lang='lat' dir='ltr'><strong>tibi</strong></span> <span class='ocrx_word' id='word_1_53' title='bbox 214 659 322 710; x_wconf 87' lang='lat' dir='ltr'><strong>libitum</strong></span> <span class='ocrx_word' id='word_1_54' title='bbox 333 664 406 720; x_wconf 68' lang='lat' dir='ltr'><strong>eruet</strong></span> <span class='ocrx_word' id='word_1_55' title='bbox 417 662 458 711; x_wconf 79' lang='lat' dir='ltr'><strong>ita</strong></span> <span class='ocrx_word' id='word_1_56' title='bbox 469 660 708 723; x_wconf 81' lang='lat' dir='ltr'><strong>defendero‚tumn</strong></span> <span class='ocrx_word' id='word_1_57' title='bbox 718 659 852 711; x_wconf 79' lang='lat' dir='ltr'><strong>familiam</strong></span> 
     </span>
     <span class='ocr_line' id='line_1_9' title="bbox 50 726 853 796; baseline 0.001 -18"><span class='ocrx_word' id='word_1_58' title='bbox 50 742 107 778; x_wconf 88' lang='lat' dir='ltr'><strong>non</strong></span> <span class='ocrx_word' id='word_1_59' title='bbox 118 726 230 778; x_wconf 73' lang='lat' dir='ltr'><strong>fecisse:</strong></span> <span class='ocrx_word' id='word_1_60' title='bbox 247 728 379 790; x_wconf 75' lang='lat' dir='ltr'><strong>vinceres,</strong></span> <span class='ocrx_word' id='word_1_61' title='bbox 390 730 414 779; x_wconf 79' lang='lat' dir='ltr'><strong>oi</strong></span> <span class='ocrx_word' id='word_1_62' title='bbox 425 730 453 780; x_wconf 90' lang='lat' dir='ltr'><strong>id</strong></span> <span class='ocrx_word' id='word_1_63' title='bbox 466 730 584 795; x_wconf 81' lang='lat' dir='ltr'><strong>probare</strong></span> <span class='ocrx_word' id='word_1_64' title='bbox 597 731 744 796; x_wconf 77' lang='lat' dir='ltr'><strong>potuisses.</strong></span> <span class='ocrx_word' id='word_1_65' title='bbox 764 729 853 790; x_wconf 87' lang='lat' dir='ltr'><strong>Nune,</strong></span> 
     </span>
     <span class='ocr_line' id='line_1_10' title="bbox 50 795 852 864; baseline 0.001 -17"><span class='ocrx_word' id='word_1_66' title='bbox 50 797 110 847; x_wconf 75' lang='lat' dir='ltr'><strong>sive</strong></span> <span class='ocrx_word' id='word_1_67' title='bbox 120 796 173 847; x_wconf 81' lang='lat' dir='ltr'><strong>iun</strong></span> <span class='ocrx_word' id='word_1_68' title='bbox 185 795 344 848; x_wconf 81' lang='lat' dir='ltr'><strong>defensione</strong></span> <span class='ocrx_word' id='word_1_69' title='bbox 354 798 396 848; x_wconf 92' lang='lat' dir='ltr'><strong>uti</strong></span> <span class='ocrx_word' id='word_1_70' title='bbox 405 799 552 859; x_wconf 81' lang='lat' dir='ltr'><strong>voluisses,</strong></span> <span class='ocrx_word' id='word_1_71' title='bbox 560 798 618 849; x_wconf 76' lang='lat' dir='ltr'><strong>rive</strong></span> <span class='ocrx_word' id='word_1_72' title='bbox 625 797 685 860; x_wconf 83' lang='lat' dir='ltr'>hac,</span> <span class='ocrx_word' id='word_1_73' title='bbox 693 813 747 864; x_wconf 85' lang='lat' dir='ltr'><strong>qua</strong></span> <span class='ocrx_word' id='word_1_74' title='bbox 757 798 852 860; x_wconf 73' lang='lat' dir='ltr'><strong>uteris,</strong></span> 
     </span>
     <span class='ocr_line' id='line_1_11' title="bbox 51 865 853 932; baseline 0 -17"><span class='ocrx_word' id='word_1_75' title='bbox 51 865 245 916; x_wconf 76' lang='lat' dir='ltr'><strong>condemneris</strong></span> <span class='ocrx_word' id='word_1_76' title='bbox 260 881 370 917; x_wconf 77' lang='lat' dir='ltr'><strong>neeesse</strong></span> <span class='ocrx_word' id='word_1_77' title='bbox 388 872 443 917; x_wconf 76' lang='lat' dir='ltr'><strong>est:</strong></span> <span class='ocrx_word' id='word_1_78' title='bbox 465 868 517 917; x_wconf 78' lang='lat' dir='ltr'><strong>nisi</strong></span> <span class='ocrx_word' id='word_1_79' title='bbox 531 879 658 932; x_wconf 79' lang='lat' dir='ltr'><strong>putamus</strong></span> <span class='ocrx_word' id='word_1_80' title='bbox 674 867 703 919; x_wconf 76' lang='lat' dir='ltr'><strong>in</strong></span> <span class='ocrx_word' id='word_1_81' title='bbox 718 866 853 922; x_wconf 70' lang='lat' dir='ltr'><strong>iudicium</strong></span> 
     </span>
     <span class='ocr_line' id='line_1_12' title="bbox 48 934 854 1002; baseline -0.001 -18"><span class='ocrx_word' id='word_1_82' title='bbox 48 935 157 996; x_wconf 72' lang='lat' dir='ltr'><strong>venire,</strong></span> <span class='ocrx_word' id='word_1_83' title='bbox 168 934 215 1001; x_wconf 89' lang='lat' dir='ltr'><strong>qui</strong></span> <span class='ocrx_word' id='word_1_84' title='bbox 227 934 370 985; x_wconf 82' lang='lat' dir='ltr'><strong>consilium</strong></span> <span class='ocrx_word' id='word_1_85' title='bbox 381 935 490 999; x_wconf 86' lang='lat' dir='ltr'><strong>inierit;</strong></span> <span class='ocrx_word' id='word_1_86' title='bbox 511 935 600 998; x_wconf 88' lang='lat' dir='ltr'><strong>ilium,</strong></span> <span class='ocrx_word' id='word_1_87' title='bbox 620 936 667 1002; x_wconf 85' lang='lat' dir='ltr'><strong>qui</strong></span> <span class='ocrx_word' id='word_1_88' title='bbox 679 934 787 996; x_wconf 80' lang='lat' dir='ltr'><strong>fecerit,</strong></span> <span class='ocrx_word' id='word_1_89' title='bbox 798 949 854 984; x_wconf 89' lang='lat' dir='ltr'><strong>nou</strong></span> 
     </span>
    </p>
   </div>
   <div class='ocr_carea' id='block_1_3' title="bbox 49 1001 939 1070">
    <p class='ocr_par' dir='ltr' id='par_1_3' title="bbox 49 1001 939 1070">
     <span class='ocr_line' id='line_1_13' title="bbox 49 1001 939 1070; baseline 0 -16"><span class='ocrx_word' id='word_1_90' title='bbox 49 1004 162 1067; x_wconf 81' lang='lat' dir='ltr'><strong>renire3</strong></span> <span class='ocrx_word' id='word_1_91' title='bbox 185 1017 265 1069; x_wconf 89' lang='lat' dir='ltr'><strong>quum</strong></span> <span class='ocrx_word' id='word_1_92' title='bbox 282 1002 427 1054; x_wconf 83' lang='lat' dir='ltr'><strong>eonsilium</strong></span> <span class='ocrx_word' id='word_1_93' title='bbox 441 1001 502 1055; x_wconf 78' lang='lat' dir='ltr'><strong>eine</strong></span> <span class='ocrx_word' id='word_1_94' title='bbox 522 1004 598 1055; x_wconf 84' lang='lat' dir='ltr'><strong>sueto</strong></span> <span class='ocrx_word' id='word_1_95' title='bbox 620 1004 740 1070; x_wconf 78' lang='lat' dir='ltr'><strong>intelligi</strong></span> <span class='ocrx_word' id='word_1_96' title='bbox 754 1002 853 1069; x_wconf 69' lang='lat' dir='ltr'><strong>poerit,</strong></span> <span class='ocrx_word' id='word_1_97' title='bbox 937 1033 939 1037; x_wconf 94' lang='lat'>·</span> 
     </span>
    </p>
   </div>
   <div class='ocr_carea' id='block_1_4' title="bbox 5 1071 854 1969">
    <p class='ocr_par' dir='ltr' id='par_1_4' title="bbox 5 1071 854 1969">
     <span class='ocr_line' id='line_1_14' title="bbox 47 1071 853 1139; baseline -0.002 -15"><span class='ocrx_word' id='word_1_98' title='bbox 47 1071 159 1124; x_wconf 81' lang='lat' dir='ltr'><strong>factum</strong></span> <span class='ocrx_word' id='word_1_99' title='bbox 174 1073 232 1122; x_wconf 76' lang='lat' dir='ltr'><strong>nine</strong></span> <span class='ocrx_word' id='word_1_100' title='bbox 249 1072 366 1121; x_wconf 85' lang='lat' dir='ltr'><strong>consilio</strong></span> <span class='ocrx_word' id='word_1_101' title='bbox 382 1088 436 1123; x_wconf 90' lang='lat' dir='ltr'><strong>non</strong></span> <span class='ocrx_word' id='word_1_102' title='bbox 450 1074 549 1138; x_wconf 75' lang='lat' dir='ltr'><strong>posuit.</strong></span> <span class='ocrx_word' id='word_1_103' title='bbox 585 1073 640 1134; x_wconf 80' lang='lat' dir='ltr'><strong>An,</strong></span> <span class='ocrx_word' id='word_1_104' title='bbox 661 1073 732 1139; x_wconf 89' lang='lat' dir='ltr'><strong>quod</strong></span> <span class='ocrx_word' id='word_1_105' title='bbox 748 1071 853 1123; x_wconf 76' lang='lat' dir='ltr'><strong>fuctum</strong></span> 
     </span>
     <span class='ocr_line' id='line_1_15' title="bbox 47 1140 853 1203; baseline -0.002 -9"><span class='ocrx_word' id='word_1_106' title='bbox 47 1140 189 1194; x_wconf 78' lang='lat' dir='ltr'><strong>eiusmodi</strong></span> <span class='ocrx_word' id='word_1_107' title='bbox 199 1147 250 1202; x_wconf 82' lang='lat' dir='ltr'><strong>ert,</strong></span> <span class='ocrx_word' id='word_1_108' title='bbox 261 1147 292 1191; x_wconf 87' lang='lat' dir='ltr'><strong>ut</strong></span> <span class='ocrx_word' id='word_1_109' title='bbox 301 1140 360 1192; x_wconf 78' lang='lat' dir='ltr'><strong>uine</strong></span> <span class='ocrx_word' id='word_1_110' title='bbox 372 1140 482 1192; x_wconf 86' lang='lat' dir='ltr'><strong>occulto</strong></span> <span class='ocrx_word' id='word_1_111' title='bbox 494 1142 687 1203; x_wconf 84' lang='lat' dir='ltr'><strong>oonsilio‚sioe</strong></span> <span class='ocrx_word' id='word_1_112' title='bbox 697 1141 853 1202; x_wconf 82' lang='lat' dir='ltr'><strong>noete,oioo</strong></span> 
     </span>
     <span class='ocr_line' id='line_1_16' title="bbox 46 1208 853 1272; baseline -0.001 -10"><span class='ocrx_word' id='word_1_113' title='bbox 46 1210 86 1272; x_wconf 76' lang='lat' dir='ltr'><strong>ri,</strong></span> <span class='ocrx_word' id='word_1_114' title='bbox 106 1210 167 1260; x_wconf 78' lang='lat' dir='ltr'><strong>uine</strong></span> <span class='ocrx_word' id='word_1_115' title='bbox 179 1208 280 1260; x_wconf 81' lang='lat' dir='ltr'><strong>domno</strong></span> <span class='ocrx_word' id='word_1_116' title='bbox 293 1209 418 1271; x_wconf 80' lang='lat' dir='ltr'><strong>ulterius,</strong></span> <span class='ocrx_word' id='word_1_117' title='bbox 432 1210 491 1261; x_wconf 79' lang='lat' dir='ltr'><strong>uine</strong></span> <span class='ocrx_word' id='word_1_118' title='bbox 502 1213 595 1270; x_wconf 78' lang='lat' dir='ltr'><strong>onmis,</strong></span> <span class='ocrx_word' id='word_1_119' title='bbox 611 1210 670 1261; x_wconf 76' lang='lat' dir='ltr'><strong>uine</strong></span> <span class='ocrx_word' id='word_1_120' title='bbox 682 1211 775 1271; x_wconf 78' lang='lat' dir='ltr'><strong>caedo,</strong></span> <span class='ocrx_word' id='word_1_121' title='bbox 792 1210 853 1261; x_wconf 79' lang='lat' dir='ltr'><strong>sino</strong></span> 
     </span>
     <span class='ocr_line' id='line_1_17' title="bbox 45 1277 852 1343; baseline -0.002 -13"><span class='ocrx_word' id='word_1_122' title='bbox 45 1277 189 1330; x_wconf 78' lang='lat' dir='ltr'><strong>maleficio</strong></span> <span class='ocrx_word' id='word_1_123' title='bbox 201 1278 262 1328; x_wconf 79' lang='lat' dir='ltr'><strong>fiori</strong></span> <span class='ocrx_word' id='word_1_124' title='bbox 272 1294 326 1328; x_wconf 89' lang='lat' dir='ltr'><strong>non</strong></span> <span class='ocrx_word' id='word_1_125' title='bbox 336 1278 503 1343; x_wconf 85' lang='lat' dir='ltr'><strong>potuerit‚id</strong></span> <span class='ocrx_word' id='word_1_126' title='bbox 514 1279 574 1331; x_wconf 80' lang='lat' dir='ltr'><strong>sine</strong></span> <span class='ocrx_word' id='word_1_127' title='bbox 586 1277 651 1330; x_wconf 89' lang='lat' dir='ltr'><strong>dolo</strong></span> <span class='ocrx_word' id='word_1_128' title='bbox 662 1280 735 1329; x_wconf 81' lang='lat' dir='ltr'><strong>molo</strong></span> <span class='ocrx_word' id='word_1_129' title='bbox 747 1279 852 1329; x_wconf 85' lang='lat' dir='ltr'><strong>factum</strong></span> 
     </span>
     <span class='ocr_line' id='line_1_18' title="bbox 5 1345 852 1413; baseline -0.004 -15"><span class='ocrx_word' id='word_1_130' title='bbox 5 1363 7 1366; x_wconf 89' lang='lat'>·</span> <span class='ocrx_word' id='word_1_131' title='bbox 47 1346 237 1398; x_wconf 74' lang='lat' dir='ltr'><strong>iudicabiturt</strong></span> <span class='ocrx_word' id='word_1_132' title='bbox 272 1345 314 1397; x_wconf 80' lang='lat'><strong>33.</strong></span> <span class='ocrx_word' id='word_1_133' title='bbox 331 1348 386 1408; x_wconf 75' lang='lat' dir='ltr'><strong>An,</strong></span> <span class='ocrx_word' id='word_1_134' title='bbox 406 1363 460 1413; x_wconf 81' lang='lat' dir='ltr'><strong>qua</strong></span> <span class='ocrx_word' id='word_1_135' title='bbox 476 1347 504 1397; x_wconf 88' lang='lat' dir='ltr'><strong>iu</strong></span> <span class='ocrx_word' id='word_1_136' title='bbox 518 1363 550 1399; x_wconf 83' lang='lat' dir='ltr'><strong>re</strong></span> <span class='ocrx_word' id='word_1_137' title='bbox 560 1347 678 1399; x_wconf 79' lang='lat' dir='ltr'><strong>Praetor</strong></span> <span class='ocrx_word' id='word_1_138' title='bbox 692 1348 735 1398; x_wconf 89' lang='lat' dir='ltr'><strong>illi</strong></span> <span class='ocrx_word' id='word_1_139' title='bbox 750 1347 852 1411; x_wconf 81' lang='lat' dir='ltr'><strong>impro-</strong></span> 
     </span>
     <span class='ocr_line' id='line_1_19' title="bbox 43 1414 852 1477; baseline -0.004 -9"><span class='ocrx_word' id='word_1_140' title='bbox 43 1417 112 1468; x_wconf 82' lang='lat' dir='ltr'><strong>bam</strong></span> <span class='ocrx_word' id='word_1_141' title='bbox 124 1414 313 1467; x_wconf 75' lang='lat' dir='ltr'><strong>defensionem</strong></span> <span class='ocrx_word' id='word_1_142' title='bbox 324 1415 389 1465; x_wconf 83' lang='lat' dir='ltr'><strong>tolli</strong></span> <span class='ocrx_word' id='word_1_143' title='bbox 398 1415 496 1477; x_wconf 80' lang='lat' dir='ltr'><strong>voluit,</strong></span> <span class='ocrx_word' id='word_1_144' title='bbox 511 1417 541 1467; x_wconf 94' lang='lat' dir='ltr'><strong>in</strong></span> <span class='ocrx_word' id='word_1_145' title='bbox 551 1432 586 1468; x_wconf 86' lang='lat' dir='ltr'><strong>eo</strong></span> <span class='ocrx_word' id='word_1_146' title='bbox 596 1431 625 1466; x_wconf 83' lang='lat' dir='ltr'><strong>re</strong></span> <span class='ocrx_word' id='word_1_147' title='bbox 635 1415 703 1465; x_wconf 88' lang='lat' dir='ltr'><strong>mihi</strong></span> <span class='ocrx_word' id='word_1_148' title='bbox 715 1415 852 1465; x_wconf 84' lang='lat' dir='ltr'><strong>difficilio-</strong></span> 
     </span>
     <span class='ocr_line' id='line_1_20' title="bbox 45 1477 853 1551; baseline -0.004 -13"><span class='ocrx_word' id='word_1_149' title='bbox 45 1499 109 1538; x_wconf 86' lang='lat' dir='ltr'><strong>rem</strong></span> <span class='ocrx_word' id='word_1_150' title='bbox 120 1479 259 1536; x_wconf 78' lang='lat' dir='ltr'><strong>actionem</strong></span> <span class='ocrx_word' id='word_1_151' title='bbox 270 1477 373 1535; x_wconf 74' lang='lat' dir='ltr'><strong>frictam</strong></span> <span class='ocrx_word' id='word_1_152' title='bbox 383 1485 538 1551; x_wconf 70' lang='lat' dir='ltr'><strong>putabitis!</strong></span> <span class='ocrx_word' id='word_1_153' title='bbox 560 1486 615 1537; x_wconf 85' lang='lat' dir='ltr'><strong>Hie</strong></span> <span class='ocrx_word' id='word_1_154' title='bbox 626 1483 692 1535; x_wconf 86' lang='lat' dir='ltr'><strong>mihi</strong></span> <span class='ocrx_word' id='word_1_155' title='bbox 703 1484 750 1535; x_wconf 85' lang='lat' dir='ltr'><strong>isti</strong></span> <span class='ocrx_word' id='word_1_156' title='bbox 760 1483 853 1551; x_wconf 81' lang='lat' dir='ltr'><strong>singu·</strong></span> 
     </span>
     <span class='ocr_line' id='line_1_21' title="bbox 45 1548 852 1621; baseline -0.004 -15"><span class='ocrx_word' id='word_1_157' title='bbox 45 1554 104 1607; x_wconf 78' lang='lat' dir='ltr'><strong>lari</strong></span> <span class='ocrx_word' id='word_1_158' title='bbox 115 1554 228 1621; x_wconf 87' lang='lat' dir='ltr'><strong>ingenio</strong></span> <span class='ocrx_word' id='word_1_159' title='bbox 239 1553 367 1604; x_wconf 83' lang='lat' dir='ltr'><strong>videntur</strong></span> <span class='ocrx_word' id='word_1_160' title='bbox 378 1571 447 1615; x_wconf 78' lang='lat' dir='ltr'><strong>esse,</strong></span> <span class='ocrx_word' id='word_1_161' title='bbox 468 1555 514 1621; x_wconf 84' lang='lat' dir='ltr'><strong>qui</strong></span> <span class='ocrx_word' id='word_1_162' title='bbox 526 1561 555 1605; x_wconf 85' lang='lat' dir='ltr'><strong>et</strong></span> <span class='ocrx_word' id='word_1_163' title='bbox 563 1554 601 1614; x_wconf 88' lang='lat' dir='ltr'><strong>id,</strong></span> <span class='ocrx_word' id='word_1_164' title='bbox 624 1548 696 1620; x_wconf 86' lang='lat' dir='ltr'><strong>quod</strong></span> <span class='ocrx_word' id='word_1_165' title='bbox 709 1552 776 1603; x_wconf 87' lang='lat' dir='ltr'><strong>mihi</strong></span> <span class='ocrx_word' id='word_1_166' title='bbox 788 1568 852 1604; x_wconf 86' lang='lat' dir='ltr'><strong>eon·</strong></span> 
     </span>
     <span class='ocr_line' id='line_1_22' title="bbox 45 1622 852 1689; baseline -0.002 -14"><span class='ocrx_word' id='word_1_167' title='bbox 45 1630 96 1675; x_wconf 80' lang='lat' dir='ltr'><strong>tro</strong></span> <span class='ocrx_word' id='word_1_168' title='bbox 108 1622 177 1674; x_wconf 82' lang='lat' dir='ltr'><strong>ilios</strong></span> <span class='ocrx_word' id='word_1_169' title='bbox 193 1623 287 1673; x_wconf 82' lang='lat' dir='ltr'><strong>dutum</strong></span> <span class='ocrx_word' id='word_1_170' title='bbox 304 1628 361 1684; x_wconf 80' lang='lat' dir='ltr'><strong>ost,</strong></span> <span class='ocrx_word' id='word_1_171' title='bbox 382 1624 436 1689; x_wconf 80' lang='lat' dir='ltr'><strong>ipsi</strong></span> <span class='ocrx_word' id='word_1_172' title='bbox 454 1623 592 1688; x_wconf 77' lang='lat' dir='ltr'><strong>arripiunt</strong></span> <span class='ocrx_word' id='word_1_173' title='bbox 602 1629 631 1674; x_wconf 87' lang='lat' dir='ltr'><strong>et</strong></span> <span class='ocrx_word' id='word_1_174' title='bbox 641 1622 756 1689; x_wconf 80' lang='lat' dir='ltr'><strong>scopulo</strong></span> <span class='ocrx_word' id='word_1_175' title='bbox 768 1628 852 1687; x_wconf 81' lang='lat' dir='ltr'><strong>atque</strong></span> 
     </span>
     <span class='ocr_line' id='line_1_23' title="bbox 46 1691 852 1759; baseline -0.006 -14"><span class='ocrx_word' id='word_1_176' title='bbox 46 1692 128 1744; x_wconf 79' lang='lat' dir='ltr'><strong>saxis</strong></span> <span class='ocrx_word' id='word_1_177' title='bbox 140 1705 191 1756; x_wconf 84' lang='lat' dir='ltr'><strong>pro</strong></span> <span class='ocrx_word' id='word_1_178' title='bbox 202 1698 285 1756; x_wconf 83' lang='lat' dir='ltr'><strong>portu</strong></span> <span class='ocrx_word' id='word_1_179' title='bbox 295 1694 468 1759; x_wconf 78' lang='lat' dir='ltr'><strong>stationeque</strong></span> <span class='ocrx_word' id='word_1_180' title='bbox 479 1698 604 1743; x_wconf 88' lang='lat' dir='ltr'><strong>utuntur.</strong></span> <span class='ocrx_word' id='word_1_181' title='bbox 640 1691 750 1742; x_wconf 81' lang='lat' dir='ltr'><strong>Nomio</strong></span> <span class='ocrx_word' id='word_1_182' title='bbox 762 1694 852 1742; x_wconf 77' lang='lat' dir='ltr'><strong>nono</strong></span> 
     </span>
     <span class='ocr_line' id='line_1_24' title="bbox 46 1759 853 1827; baseline -0.007 -12"><span class='ocrx_word' id='word_1_183' title='bbox 46 1776 144 1815; x_wconf 65' lang='lat' dir='ltr'><strong>uiuo</strong></span> <span class='ocrx_word' id='word_1_184' title='bbox 159 1761 256 1811; x_wconf 84' lang='lat' dir='ltr'><strong>volunt</strong></span> <span class='ocrx_word' id='word_1_185' title='bbox 267 1761 444 1823; x_wconf 72' lang='lat' dir='ltr'><strong>delitescere3</strong></span> <span class='ocrx_word' id='word_1_186' title='bbox 465 1761 494 1811; x_wconf 88' lang='lat' dir='ltr'><strong>in</strong></span> <span class='ocrx_word' id='word_1_187' title='bbox 509 1775 565 1827; x_wconf 82' lang='lat' dir='ltr'><strong>quo</strong></span> <span class='ocrx_word' id='word_1_188' title='bbox 580 1775 635 1811; x_wconf 90' lang='lat' dir='ltr'><strong>non</strong></span> <span class='ocrx_word' id='word_1_189' title='bbox 650 1759 747 1823; x_wconf 83' lang='lat' dir='ltr'><strong>modo,</strong></span> <span class='ocrx_word' id='word_1_190' title='bbox 770 1774 853 1826; x_wconf 90' lang='lat' dir='ltr'><strong>quum</strong></span> 
     </span>
     <span class='ocr_line' id='line_1_25' title="bbox 46 1827 854 1896; baseline -0.005 -14"><span class='ocrx_word' id='word_1_191' title='bbox 46 1831 146 1882; x_wconf 82' lang='lat' dir='ltr'><strong>omnia</strong></span> <span class='ocrx_word' id='word_1_192' title='bbox 155 1831 211 1895; x_wconf 75' lang='lat' dir='ltr'><strong>ipsi</strong></span> <span class='ocrx_word' id='word_1_193' title='bbox 221 1829 346 1881; x_wconf 81' lang='lat' dir='ltr'><strong>fecerunt</strong></span> <span class='ocrx_word' id='word_1_194' title='bbox 358 1846 429 1896; x_wconf 80' lang='lat' dir='ltr'><strong>quae</strong></span> <span class='ocrx_word' id='word_1_195' title='bbox 441 1829 578 1891; x_wconf 83' lang='lat' dir='ltr'><strong>fatentur,</strong></span> <span class='ocrx_word' id='word_1_196' title='bbox 599 1844 693 1880; x_wconf 83' lang='lat' dir='ltr'><strong>verum</strong></span> <span class='ocrx_word' id='word_1_197' title='bbox 710 1829 807 1891; x_wconf 85' lang='lat' dir='ltr'><strong>etiam,</strong></span> <span class='ocrx_word' id='word_1_198' title='bbox 827 1827 854 1878; x_wconf 81' lang='lat' dir='ltr'><strong>si</strong></span> 
     </span>
     <span class='ocr_line' id='line_1_26' title="bbox 45 1897 758 1969; baseline -0.001 -18"><span class='ocrx_word' id='word_1_199' title='bbox 45 1914 101 1969; x_wconf 82' lang='lat' dir='ltr'><strong>per</strong></span> <span class='ocrx_word' id='word_1_200' title='bbox 112 1899 186 1950; x_wconf 84' lang='lat' dir='ltr'><strong>alios</strong></span> <span class='ocrx_word' id='word_1_201' title='bbox 196 1898 223 1950; x_wconf 90' lang='lat' dir='ltr'><strong>id</strong></span> <span class='ocrx_word' id='word_1_202' title='bbox 232 1899 372 1961; x_wconf 80' lang='lat' dir='ltr'><strong>fecissent,</strong></span> <span class='ocrx_word' id='word_1_203' title='bbox 386 1897 533 1951; x_wconf 83' lang='lat' dir='ltr'><strong>haererent</strong></span> <span class='ocrx_word' id='word_1_204' title='bbox 545 1915 577 1950; x_wconf 85' lang='lat' dir='ltr'><strong>oe</strong></span> <span class='ocrx_word' id='word_1_205' title='bbox 587 1905 758 1950; x_wconf 84' lang='lat' dir='ltr'><strong>tenerentur.</strong></span> 
     </span>
    </p>
   </div>
   <div class='ocr_carea' id='block_1_5' title="bbox 104 1965 947 2036">
    <p class='ocr_par' dir='ltr' id='par_1_5' title="bbox 104 1965 947 2036">
     <span class='ocr_line' id='line_1_27' title="bbox 104 1965 947 2036; baseline -0.011 -11"><span class='ocrx_word' id='word_1_206' title='bbox 104 1966 149 2025; x_wconf 81' lang='lat'><strong>34.</strong></span> <span class='ocrx_word' id='word_1_207' title='bbox 165 1968 228 2036; x_wconf 82' lang='lat' dir='ltr'><strong>Ego</strong></span> <span class='ocrx_word' id='word_1_208' title='bbox 239 1985 294 2019; x_wconf 86' lang='lat' dir='ltr'><strong>non</strong></span> <span class='ocrx_word' id='word_1_209' title='bbox 305 1969 334 2018; x_wconf 88' lang='lat' dir='ltr'><strong>iu</strong></span> <span class='ocrx_word' id='word_1_210' title='bbox 344 1984 399 2018; x_wconf 79' lang='lat' dir='ltr'><strong>una</strong></span> <span class='ocrx_word' id='word_1_211' title='bbox 410 1985 439 2021; x_wconf 85' lang='lat' dir='ltr'><strong>re</strong></span> <span class='ocrx_word' id='word_1_212' title='bbox 451 1968 521 2030; x_wconf 82' lang='lat' dir='ltr'><strong>solo,</strong></span> <span class='ocrx_word' id='word_1_213' title='bbox 533 1967 619 2034; x_wconf 84' lang='lat' dir='ltr'><strong>(quod</strong></span> <span class='ocrx_word' id='word_1_214' title='bbox 629 1965 697 2017; x_wconf 89' lang='lat' dir='ltr'><strong>mihi</strong></span> <span class='ocrx_word' id='word_1_215' title='bbox 708 1967 776 2018; x_wconf 80' lang='lat' dir='ltr'><strong>rutis</strong></span> <span class='ocrx_word' id='word_1_216' title='bbox 787 1967 854 2027; x_wconf 60' lang='lat' dir='ltr'><strong>est)</strong></span> <span class='ocrx_word' id='word_1_217' title='bbox 943 2001 947 2008; x_wconf 83' lang='lat'><em>-</em></span> 
     </span>
    </p>
   </div>
   <div class='ocr_carea' id='block_1_6' title="bbox 8 2033 906 2728">
    <p class='ocr_par' dir='ltr' id='par_1_6' title="bbox 8 2033 855 2173">
     <span class='ocr_line' id='line_1_28' title="bbox 45 2033 855 2105; baseline -0.007 -13"><span class='ocrx_word' id='word_1_218' title='bbox 45 2052 141 2104; x_wconf 83' lang='lat' dir='ltr'><strong>neque</strong></span> <span class='ocrx_word' id='word_1_219' title='bbox 151 2037 180 2087; x_wconf 90' lang='lat' dir='ltr'><strong>in</strong></span> <span class='ocrx_word' id='word_1_220' title='bbox 190 2039 319 2088; x_wconf 74' lang='lat' dir='ltr'><strong>universa</strong></span> <span class='ocrx_word' id='word_1_221' title='bbox 329 2051 359 2089; x_wconf 85' lang='lat' dir='ltr'><strong>re</strong></span> <span class='ocrx_word' id='word_1_222' title='bbox 371 2038 470 2099; x_wconf 85' lang='lat' dir='ltr'><strong>solum,</strong></span> <span class='ocrx_word' id='word_1_223' title='bbox 482 2037 568 2105; x_wconf 84' lang='lat' dir='ltr'><strong>(quod</strong></span> <span class='ocrx_word' id='word_1_224' title='bbox 580 2034 648 2086; x_wconf 89' lang='lat' dir='ltr'><strong>mihi</strong></span> <span class='ocrx_word' id='word_1_225' title='bbox 658 2037 797 2098; x_wconf 82' lang='lat' dir='ltr'><strong>sotisest,)</strong></span> <span class='ocrx_word' id='word_1_226' title='bbox 805 2033 855 2086; x_wconf 83' lang='lat' dir='ltr'><strong>sed</strong></span> 
     </span>
     <span class='ocr_line' id='line_1_29' title="bbox 8 2104 855 2173; baseline -0.005 -14"><span class='ocrx_word' id='word_1_227' title='bbox 8 2132 13 2141; x_wconf 47' lang='lat' dir='ltr'><strong>r</strong></span> <span class='ocrx_word' id='word_1_228' title='bbox 45 2106 215 2173; x_wconf 79' lang='lat' dir='ltr'><strong>singulatim</strong></span> <span class='ocrx_word' id='word_1_229' title='bbox 229 2106 258 2157; x_wconf 89' lang='lat' dir='ltr'><strong>in</strong></span> <span class='ocrx_word' id='word_1_230' title='bbox 280 2107 406 2157; x_wconf 87' lang='lat' dir='ltr'><strong>omnibus</strong></span> <span class='ocrx_word' id='word_1_231' title='bbox 428 2106 522 2157; x_wconf 88' lang='lat' dir='ltr'><strong>dolum</strong></span> <span class='ocrx_word' id='word_1_232' title='bbox 539 2104 641 2157; x_wconf 80' lang='lat' dir='ltr'><strong>maium</strong></span> <span class='ocrx_word' id='word_1_233' title='bbox 656 2114 765 2157; x_wconf 80' lang='lat' dir='ltr'><strong>exstare</strong></span> <span class='ocrx_word' id='word_1_234' title='bbox 781 2104 855 2155; x_wconf 83' lang='lat' dir='ltr'><strong>dieo.</strong></span> 
     </span>
    </p>

    <p class='ocr_par' dir='ltr' id='par_1_7' title="bbox 41 2168 906 2728">
     <span class='ocr_line' id='line_1_30' title="bbox 47 2168 879 2241; baseline -0.008 -11"><span class='ocrx_word' id='word_1_235' title='bbox 47 2171 208 2230; x_wconf 78' lang='lat' dir='ltr'><strong>Consilium</strong></span> <span class='ocrx_word' id='word_1_236' title='bbox 226 2177 351 2241; x_wconf 84' lang='lat' dir='ltr'><strong>copiunt,</strong></span> <span class='ocrx_word' id='word_1_237' title='bbox 371 2181 403 2226; x_wconf 89' lang='lat' dir='ltr'><strong>ut</strong></span> <span class='ocrx_word' id='word_1_238' title='bbox 420 2176 454 2227; x_wconf 83' lang='lat' dir='ltr'><strong>ad</strong></span> <span class='ocrx_word' id='word_1_239' title='bbox 471 2177 616 2227; x_wconf 76' lang='lat' dir='ltr'><strong>serrosM.</strong></span> <span class='ocrx_word' id='word_1_240' title='bbox 628 2175 717 2225; x_wconf 86' lang='lat' dir='ltr'><strong>Tullii</strong></span> <span class='ocrx_word' id='word_1_241' title='bbox 731 2174 855 2225; x_wconf 76' lang='lat' dir='ltr'><strong>veniant:</strong></span> <span class='ocrx_word' id='word_1_242' title='bbox 872 2168 879 2179; x_wconf 83' lang='lat'>&#39;</span> 
     </span>
     <span class='ocr_line' id='line_1_31' title="bbox 47 2243 906 2311; baseline -0.006 -15"><span class='ocrx_word' id='word_1_243' title='bbox 47 2244 120 2296; x_wconf 86' lang='lat' dir='ltr'><strong>dolo</strong></span> <span class='ocrx_word' id='word_1_244' title='bbox 132 2244 207 2295; x_wconf 86' lang='lat' dir='ltr'><strong>malo</strong></span> <span class='ocrx_word' id='word_1_245' title='bbox 219 2244 331 2296; x_wconf 83' lang='lat' dir='ltr'><strong>fuciunt.</strong></span> <span class='ocrx_word' id='word_1_246' title='bbox 349 2246 432 2309; x_wconf 75' lang='lat' dir='ltr'><strong>Arma</strong></span> <span class='ocrx_word' id='word_1_247' title='bbox 444 2245 568 2311; x_wconf 82' lang='lat' dir='ltr'><strong>capiunt:</strong></span> <span class='ocrx_word' id='word_1_248' title='bbox 580 2244 646 2295; x_wconf 86' lang='lat' dir='ltr'><strong>dolo</strong></span> <span class='ocrx_word' id='word_1_249' title='bbox 657 2243 855 2295; x_wconf 81' lang='lat' dir='ltr'><strong>malefaciunt.</strong></span> <span class='ocrx_word' id='word_1_250' title='bbox 897 2300 906 2310; x_wconf 29' lang='grc' dir='ltr'><strong><em>Ι</em></strong></span> 
     </span>
     <span class='ocr_line' id='line_1_32' title="bbox 45 2312 862 2381; baseline -0.006 -15"><span class='ocrx_word' id='word_1_251' title='bbox 45 2316 176 2378; x_wconf 81' lang='lat' dir='ltr'><strong>Tempus</strong></span> <span class='ocrx_word' id='word_1_252' title='bbox 193 2313 228 2367; x_wconf 85' lang='lat' dir='ltr'><strong>ud</strong></span> <span class='ocrx_word' id='word_1_253' title='bbox 249 2312 438 2381; x_wconf 74' lang='lat' dir='ltr'><strong>insidiandum</strong></span> <span class='ocrx_word' id='word_1_254' title='bbox 454 2313 545 2380; x_wconf 81' lang='lat' dir='ltr'><strong>adque</strong></span> <span class='ocrx_word' id='word_1_255' title='bbox 565 2313 706 2363; x_wconf 81' lang='lat' dir='ltr'><strong>celandum</strong></span> <span class='ocrx_word' id='word_1_256' title='bbox 726 2313 862 2363; x_wconf 73' lang='lat' dir='ltr'><strong>idoneum·</strong></span> 
     </span>
     <span class='ocr_line' id='line_1_33' title="bbox 44 2380 856 2450; baseline -0.01 -14"><span class='ocrx_word' id='word_1_257' title='bbox 44 2382 174 2450; x_wconf 83' lang='lat' dir='ltr'><strong>eligunt:</strong></span> <span class='ocrx_word' id='word_1_258' title='bbox 198 2381 263 2433; x_wconf 87' lang='lat' dir='ltr'><strong>dolo</strong></span> <span class='ocrx_word' id='word_1_259' title='bbox 279 2383 354 2432; x_wconf 88' lang='lat' dir='ltr'><strong>mulo</strong></span> <span class='ocrx_word' id='word_1_260' title='bbox 364 2383 479 2435; x_wconf 82' lang='lat' dir='ltr'><strong>faciunt.</strong></span> <span class='ocrx_word' id='word_1_261' title='bbox 516 2380 553 2431; x_wconf 89' lang='lat' dir='ltr'><strong>Vi</strong></span> <span class='ocrx_word' id='word_1_262' title='bbox 568 2382 717 2432; x_wconf 83' lang='lat' dir='ltr'><strong>intectum</strong></span> <span class='ocrx_word' id='word_1_263' title='bbox 732 2381 856 2431; x_wconf 87' lang='lat' dir='ltr'><strong>irruunt:</strong></span> 
     </span>
     <span class='ocr_line' id='line_1_34' title="bbox 41 2447 857 2517; baseline -0.01 -12"><span class='ocrx_word' id='word_1_264' title='bbox 41 2453 79 2505; x_wconf 90' lang='lat' dir='ltr'><strong>in</strong></span> <span class='ocrx_word' id='word_1_265' title='bbox 95 2455 158 2517; x_wconf 83' lang='lat' dir='ltr'><strong>ipso</strong></span> <span class='ocrx_word' id='word_1_266' title='bbox 174 2451 201 2501; x_wconf 85' lang='lat' dir='ltr'><strong>vi</strong></span> <span class='ocrx_word' id='word_1_267' title='bbox 217 2451 297 2502; x_wconf 81' lang='lat' dir='ltr'><strong>dolus</strong></span> <span class='ocrx_word' id='word_1_268' title='bbox 309 2457 359 2503; x_wconf 84' lang='lat' dir='ltr'><strong>ost.</strong></span> <span class='ocrx_word' id='word_1_269' title='bbox 395 2450 532 2502; x_wconf 80' lang='lat' dir='ltr'><strong>Occidunt</strong></span> <span class='ocrx_word' id='word_1_270' title='bbox 545 2448 683 2511; x_wconf 74' lang='lat' dir='ltr'><strong>homines,</strong></span> <span class='ocrx_word' id='word_1_271' title='bbox 704 2456 806 2500; x_wconf 82' lang='lat' dir='ltr'><strong>tectum</strong></span> <span class='ocrx_word' id='word_1_272' title='bbox 817 2447 857 2498; x_wconf 84' lang='lat' dir='ltr'><strong>di-</strong></span> 
     </span>
     <span class='ocr_line' id='line_1_35' title="bbox 41 2517 856 2576; baseline -0.005 -5"><span class='ocrx_word' id='word_1_273' title='bbox 41 2527 150 2576; x_wconf 84' lang='lat' dir='ltr'><strong>ruunt:</strong></span> <span class='ocrx_word' id='word_1_274' title='bbox 171 2536 222 2571; x_wconf 88' lang='lat' dir='ltr'><strong>neo</strong></span> <span class='ocrx_word' id='word_1_275' title='bbox 232 2520 315 2572; x_wconf 91' lang='lat' dir='ltr'><strong>homo</strong></span> <span class='ocrx_word' id='word_1_276' title='bbox 332 2520 419 2573; x_wconf 85' lang='lat' dir='ltr'><strong>occidi</strong></span> <span class='ocrx_word' id='word_1_277' title='bbox 430 2535 480 2571; x_wconf 86' lang='lat' dir='ltr'><strong>nee</strong></span> <span class='ocrx_word' id='word_1_278' title='bbox 491 2519 620 2570; x_wconf 85' lang='lat' dir='ltr'><strong>consulto</strong></span> <span class='ocrx_word' id='word_1_279' title='bbox 633 2518 714 2568; x_wconf 80' lang='lat' dir='ltr'><strong>alteri</strong></span> <span class='ocrx_word' id='word_1_280' title='bbox 727 2517 856 2567; x_wconf 82' lang='lat' dir='ltr'><strong>damnum</strong></span> 
     </span>
     <span class='ocr_line' id='line_1_36' title="bbox 42 2586 855 2655; baseline -0.012 -11"><span class='ocrx_word' id='word_1_281' title='bbox 42 2590 115 2644; x_wconf 79' lang='lat' dir='ltr'><strong>duri</strong></span> <span class='ocrx_word' id='word_1_282' title='bbox 130 2590 190 2641; x_wconf 76' lang='lat' dir='ltr'><strong>sine</strong></span> <span class='ocrx_word' id='word_1_283' title='bbox 207 2590 273 2639; x_wconf 83' lang='lat' dir='ltr'><strong>dolo</strong></span> <span class='ocrx_word' id='word_1_284' title='bbox 288 2590 362 2641; x_wconf 83' lang='lat' dir='ltr'><strong>maio</strong></span> <span class='ocrx_word' id='word_1_285' title='bbox 377 2595 479 2655; x_wconf 85' lang='lat' dir='ltr'><strong>potest.</strong></span> <span class='ocrx_word' id='word_1_286' title='bbox 515 2587 558 2639; x_wconf 84' lang='lat' dir='ltr'><strong>Er</strong></span> <span class='ocrx_word' id='word_1_287' title='bbox 580 2586 635 2636; x_wconf 79' lang='lat' dir='ltr'><strong>oui</strong></span> <span class='ocrx_word' id='word_1_288' title='bbox 652 2601 745 2637; x_wconf 80' lang='lat' dir='ltr'><strong>omnes</strong></span> <span class='ocrx_word' id='word_1_289' title='bbox 762 2590 855 2650; x_wconf 74' lang='lat' dir='ltr'><strong>partes</strong></span> 
     </span>
     <span class='ocr_line' id='line_1_37' title="bbox 42 2601 857 2728; baseline -0.011 -14"><span class='ocrx_word' id='word_1_290' title='bbox 42 2664 119 2714; x_wconf 74' lang='lat' dir='ltr'><strong>sunt</strong></span> <span class='ocrx_word' id='word_1_291' title='bbox 134 2659 283 2724; x_wconf 73' lang='lat' dir='ltr'><strong>eiusmodi,</strong></span> <span class='ocrx_word' id='word_1_292' title='bbox 303 2666 335 2711; x_wconf 86' lang='lat' dir='ltr'><strong>ut</strong></span> <span class='ocrx_word' id='word_1_293' title='bbox 350 2661 380 2710; x_wconf 89' lang='lat' dir='ltr'><strong>iu</strong></span> <span class='ocrx_word' id='word_1_294' title='bbox 393 2656 511 2728; x_wconf 75' lang='lat' dir='ltr'><strong>singulis</strong></span> <span class='ocrx_word' id='word_1_295' title='bbox 529 2601 610 2708; x_wconf 50' lang='lat' dir='ltr'><strong>doffuo</strong></span> <span class='ocrx_word' id='word_1_296' title='bbox 624 2655 713 2715; x_wconf 80' lang='lat' dir='ltr'><strong>mulus</strong></span> <span class='ocrx_word' id='word_1_297' title='bbox 727 2653 857 2716; x_wconf 77' lang='lat' dir='ltr'><strong>haereat,</strong></span> 
     </span>
    </p>
   </div>
   <div class='ocr_carea' id='block_1_7' title="bbox 0 0 1046 3025">
    <p class='ocr_par' dir='ltr' id='par_1_8' title="bbox 0 0 1046 3025">
     <span class='ocr_line' id='line_1_38' title="bbox 0 0 1046 3025; baseline 0 0"><span class='ocrx_word' id='word_1_298' title='bbox 0 0 1046 3025; x_wconf 95' lang='lat' dir='ltr'><strong> </strong></span> 
     </span>
    </p>
   </div>
  </div>
 </body>
</html>
