2084 3025
159 163 292 218 LIBER
311 163 579 220 SINGULABIS.
606 164 690 222 CAP.
705 165 732 219 7.
747 165 772 219 8.
818 165 872 217 262⁴

58 270 136 326 soria
145 275 225 333 sunt,
239 276 271 321 nt
282 268 439 340 Chrysippo
449 270 553 338 placet,
571 266 746 324 dissentienti
757 271 871 339 amsgi·

33 341 38 345 ’
58 350 122 395 stro
134 337 280 403 Cleanthe,
301 340 649 408 quiasuntimmutabilia‚
669 340 759 394 necin
769 339 871 392 laisum

60 429 77 466 e
91 426 162 465 vero
177 410 333 477 praeterite
347 417 463 476 possunt
477 411 615 464 convertis
636 412 662 463 si
676 411 778 479 igitur,
798 409 871 478 quod

62 482 187 550 primum
199 480 365 533 inconnexa
375 487 433 543 est,
451 481 639 533 necessarium
655 489 711 534 est:
732 480 765 531 ot
775 480 871 540 etianr,

82 549 140 602 nod
152 549 291 617 sequitur,
305 552 502 603 cocomarium.
539 552 713 619 Quamquam
723 547 776 602 hoo
788 549 874 617 Chry·

57 568 148 688 *gippo
158 634 215 671 non
225 619 441 672 videtur-rolens
452 621 480 671 in
490 621 630 674 omnibus.
665 620 834 681 Sedtamen,
850 621 876 671 si

63 690 208 744 naturalis
219 696 263 741 est
275 704 388 753 caussa,
409 690 498 743 curin
509 691 580 741 mari
592 689 697 741 Fabius
708 704 763 741 noa
774 690 879 755 moria-p

62 768 121 823 tur,
131 761 162 810 in
173 759 245 810 mari
255 758 360 812 Fabius
369 760 441 813 mori
451 776 506 811 nrm
517 764 622 827 potest.
658 757 731 811 Vlll.
750 756 792 811 1o.
812 760 876 811 llos

61 832 129 883 loco
141 827 316 896 Chrysippus
325 836 466 893 aestuans,
484 829 548 883 mili
559 834 654 897 sperat
666 827 822 880 Chaldaeos
834 844 877 880 cs·

62 907 201 966 terosquc
214 898 335 962 divinos,
356 914 446 967 neque
456 915 506 952 eos
516 913 619 951 usuros
630 913 691 952 esse
703 897 878 949 criniunrtio·

62 971 163 1031 nibus,
183 969 257 1019 utun
267 984 319 1020 sna
328 975 462 1037 percepta
472 969 670 1052 pronuntient,
691 966 743 1032 „Si
755 969 819 1036 quis
830 984 876 1018 na·

63 1047 113 1092 tus
125 1045 170 1091 est
181 1037 291 1090 oriente
301 1040 449 1101 Canicula,
472 1054 497 1089 rs
508 1039 538 1090 in
553 1039 624 1092 mari
633 1054 689 1091 non
699 1038 876 1092 morietur:“

61 1109 115 1161 sed
130 1107 230 1176 potius
243 1108 286 1159 ita
301 1107 410 1171 dicant,
430 1109 534 1177 Nonot
545 1114 683 1161 natusest
694 1108 756 1176 quis
767 1109 876 1161 orieme

60 1177 214 1239 Canicula,
234 1176 335 1230 etisin
348 1179 419 1230 mari
428 1178 575 1230 morietur.
612 1178 877 1231 Olicentiamiocu-

64 1247 169 1300 larem!
190 1247 233 1299 Ne
254 1248 313 1314 ipse
334 1247 444 1298 insidat
457 1249 487 1298 in
503 1247 675 1310 Diodorum,
695 1248 778 1301 docet
797 1248 878 1300 Chul·

66 1317 172 1378 dacos,
193 1329 250 1383 qao
265 1322 350 1383 pacto
364 1331 414 1369 eos
430 1332 569 1384 exponere
587 1324 720 1386 percepta
737 1326 877 1386 oporteat.

68 1386 184 1449 Quaero
196 1387 279 1448 caim,
299 1387 325 1436 si
336 1383 470 1440 Clraldaoi
479 1389 520 1438 ita
531 1388 692 1454 loquantur,
710 1394 742 1440 at
754 1388 879 1455 negatio-

67 1471 118 1509 nes
130 1455 307 1510 infinitorum
318 1456 547 1508 coniunctionum
569 1457 664 1519 sotius,
675 1471 757 1524 qnam
769 1457 880 1508 infinita

68 1541 198 1579 munera
213 1519 330 1594 ponant:
340 1541 404 1577 xcnr
420 1527 494 1580 idom
510 1473 626 1589 mein-i,
647 1537 696 1577 eur
710 1534 880 1595 geonrctrae,

64 1612 122 1650 cur
136 1596 244 1662 reliqui
258 1593 352 1647 facere
366 1612 421 1647 non
436 1595 564 1664 possint?
583 1595 713 1649 Medicus
729 1596 756 1647 in
774 1596 882 1663 primis,

66 1665 147 1735 quod
163 1666 220 1718 erit
235 1665 454 1732 eiperspcetum
470 1666 500 1717 in
510 1672 587 1729 arte,
606 1679 663 1717 non
677 1667 719 1717 ita
730 1674 880 1734 proponet:

65 1735 123 1801 „Si
134 1736 182 1787 cui
193 1749 281 1788 venae
291 1735 333 1785 sic
347 1742 508 1799 morentur,
528 1736 554 1787 is
568 1733 653 1788 habet
669 1733 812 1789 febrem:“
832 1731 882 1788 sei

65 1807 169 1875 potius
184 1805 237 1856 illo
252 1803 347 1866 niodo,
367 1805 452 1866 „Non
468 1806 495 1859 ei
510 1820 597 1858 venae
612 1805 653 1856 sic
669 1813 832 1868 sacrentur,
852 1813 882 1858 et

65 1878 179 1930 febrem
194 1875 220 1926 is
234 1888 291 1926 non
304 1872 420 1926 habet.“
455 1876 583 1942 ltemque
598 1883 756 1944 geometres
771 1892 825 1930 non
840 1876 881 1928 ita

67 1947 156 2008 dicet,
175 1943 359 2012 „insphaera
369 1946 484 1997 maximi
495 1946 591 2007 orbes,
612 1945 700 1997 aredii
715 1946 790 2000 inter
801 1964 831 2001 se
842 1947 881 1997 di⁴

67 2016 243 2080 ridantur:‘.‘
263 2014 313 2065 scd
328 2014 423 2081 potius
438 2014 490 2066 illo
505 2012 606 2077 modo,
627 2049 644 2077 „
651 2014 713 2068 Non
729 2023 758 2070 et
776 2025 841 2069 sunt
852 2018 881 2068 io

68 2085 192 2153 sphaera
202 2084 317 2136 maximi
328 2080 422 2146 orbes,
440 2092 471 2137 et
484 2083 513 2136 lsi
524 2100 580 2134 non
593 2084 678 2137 medii
689 2085 763 2139 inter
773 2102 803 2141 se
814 2087 881 2139 divi-

69 2156 187 2209 duntur.
195 2157 214 2185 “
250 2150 293 2206 16.
312 2153 387 2217 Quid
398 2160 451 2216 est,
471 2154 548 2222 quod
560 2169 616 2205 ntia
627 2156 718 2222 possit
727 2156 784 2208 isto
796 2156 880 2208 modo

68 2241 106 2279 ex
114 2238 244 2277 connexo
255 2223 402 2275 transferri
410 2223 444 2274 ad
453 2224 882 2295 coniunctionumnegationemt

68 2296 107 2347 Et
118 2293 233 2362 quidem
244 2292 308 2344 aliis
318 2292 408 2344 modis
424 2294 595 2362 eosdemses
609 2294 709 2348 efferre
724 2309 880 2363 possumus.

67 2365 161 2417 Modo
176 2362 243 2425 dixi,
261 2363 313 2425 „ln
331 2361 449 2430 sphaera
465 2364 580 2415 maximi
597 2364 693 2426 orbes,
714 2364 883 2416 nicrliiinter

68 2443 101 2488 ne
111 2433 317 2487 diuiduntur:“
337 2447 450 2499 possum
462 2432 569 2495 dicere,
590 2434 643 2495 „si
659 2433 688 2484 in
699 2432 817 2499 sphaera
828 2445 884 2481 nra·
958 2450 964 2457 ·

68 2507 141 2557 xirni
154 2504 236 2554 orbes
248 2499 367 2565 ‘'urrisun“
383 2514 495 2568 possum
507 2503 615 2565 elicere,
637 2499 737 2564 ,‚Quia
747 2503 776 2549 in
788 2497 885 2564 sphae-

69 2591 103 2627 ra
118 2572 237 2625 maximi
252 2572 334 2623 orbes
351 2576 466 2623 crunt.“
501 2571 596 2624 Multa
610 2571 885 2637 generasuntennn·
984 2591 986 2595 f

66 2644 174 2704 flandi,
185 2657 236 2693 nec
247 2641 336 2691 ullum
348 2641 505 2702 distortius,
518 2645 600 2707 quam
611 2639 674 2697 boc,
686 2651 742 2701 quo
753 2632 884 2698 Chrysip·

70 2730 125 2783 pus
148 2719 243 2779 sperat
259 2710 413 2786 Chaldaeos
436 2719 585 2763 contentos
604 2707 764 2758 Stoicorum
785 2715 885 2751 caussa

74 2938 101 2954 θ’
