2084 3025
222 169 277 227 310
496 165 556 219 BE
571 162 761 220 ormena

223 272 298 341 pule
309 270 436 326 Romano
461 269 641 323 adiudicarit.
677 269 822 335 Decipere
834 264 899 320 hoe
911 264 1031 334 omnem·

224 347 279 403 est,
286 355 341 392 non
351 340 487 393 iudicare.
513 340 651 401 Quocirca
664 339 697 390 in⁴
704 338 784 391 omni
791 353 823 390 re
836 336 973 404 fugienda
983 342 1029 389 ost

223 409 296 462 talis,
308 409 444 461 sollertia.
624 418 631 424 ‘
1002 441 1007 452 .

278 477 326 529 xl.
349 478 419 531 Sunt
433 484 525 530 autem
540 476 675 543 quaedam
692 476 785 529 officia
799 474 881 528 etiam
893 473 1031 526 adversus

225 546 459 609 conservarimus
469 547 567 614 quibus
577 546 872 612 iniuriam-acceperis..
888 545 943 595 Est
951 545 1032 595 onim

224 615 377 667 ulciscendi
388 624 417 668 et
427 614 558 683 puniendi
569 616 675 666 modus.
711 613 972 681 Atquohaudscio,
993 628 1032 664 an

225 685 296 737 satis
306 684 351 747 sit,
369 700 439 746 eum,
455 685 503 751 qni
511 683 675 744 lacessierit,
694 684 892 752 iniuriaesuae
903 682 1033 748 poenite·

225 769 269 805 ret
292 758 364 804 utet
378 753 481 819 ipsene
491 753 558 821 quid
569 751 767 820 talepostlrac,
786 757 816 803 et
824 751 983 803 ceteri-sint
994 749 1033 801 ad

71 835 75 842 ⁷
119 865 125 870 ,
225 822 513 875 iniuriamtasdiores.
550 822 593 874 34.
609 824 700 888 Atque
711 820 895 887 inrepublica
904 819 1032 870 maxime

226 890 417 943 conservanda
427 899 491 941 sunt
500 890 564 941 iura
574 890 651 943 belli.
671 890 742 942 Nam
754 905 836 956 quum
847 889 903 940 sint
913 887 971 938 duo
984 902 1032 954 ge-

225 958 478 1022 neradeeertandi3
495 974 580 1009 unum
590 974 641 1026 pen
650 959 892 1025 disceptationem,
905 956 1031 1008 alterum

246 1043 276 1079 er
287 1028 363 1078 rima
378 1041 514 1093 quumque
528 1028 599 1078 illud
615 1030 757 1095 proprium
769 1025 954 1089 sithominis,
975 1024 1031 1076 hoc

225 1043 394 1149 gallearum:
413 1094 628 1162 confugiendum
648 1105 691 1149 est
712 1098 748 1149 ad
769 1097 922 1163 posterius,
942 1094 968 1146 si
988 1093 1032 1145 uti

225 1178 281 1214 non
292 1163 359 1214 licet
370 1164 531 1229 superiore
561 1165 605 1222 35.
623 1169 716 1230 Quare
731 1164 906 1233 suscipienda
917 1163 1031 1231 quidem

162 1265 169 1277 ‹
184 1281 189 1290 ,
228 1231 304 1285 bella
318 1238 384 1283 sunt
398 1235 433 1284 ob
451 1248 513 1285 eam
529 1250 670 1300 caussam,
691 1242 723 1287 ut
734 1236 793 1287 sine
804 1233 947 1285 iniuriam
958 1247 1031 1301 pace

227 1301 351 1351 vivatur:
374 1307 560 1376 partaautem
575 1306 707 1366 victoria,
731 1303 912 1357 conservandi
927 1302 962 1365 ii,
982 1303 1032 1371 qui

226 1385 282 1422 non
293 1369 418 1423 crudeles
429 1372 554 1436 inbello,
572 1388 628 1424 uon
640 1374 774 1426 immanes
785 1372 911 1424 fueruntr
929 1378 963 1424 ut
973 1386 1035 1423 rua·¹

118 1487 123 1498 „
225 1440 301 1491 iores
313 1440 594 1503 nostriTusculanos‚
612 1444 730 1509 Aequos,
751 1440 884 1504 Volscos,
899 1440 1030 1506 Sabinos,

225 1508 365 1561 Hernicos
374 1509 404 1559 in
414 1509 559 1562 civitatem
571 1512 655 1563 etiarn
667 1518 845 1579 acceperunt:
866 1518 897 1564 at
906 1508 1030 1562 Kartha·

225 1578 1031 1722 utillime,iliturttllftlsszssrlt

224 1722 282 1768 torn
292 1716 349 1769 loci
360 1717 489 1780 maxime,
510 1734 545 1768 ne
556 1725 651 1784 posset
661 1720 810 1787 aliquando
822 1719 859 1770 ad
870 1718 979 1770 bellum
990 1718 1031 1770 fa-

226 1784 352 1837 ciendum
363 1786 441 1837 locus
458 1787 516 1852 ipse
528 1786 680 1841 adhortari.
715 1789 782 1840 Mea
792 1788 904 1854 quidem
918 1781 1030 1841 scatens

224 1855 276 1917 tia,
287 1854 358 1920 paci,
372 1870 442 1921 quac
452 1853 522 1905 nihil
533 1854 665 1908 habitura
674 1858 712 1908 sit
722 1856 895 1919 insidiarum,
917 1870 1030 1924 semper

160 1976 164 1981 ,
225 1929 269 1974 est
286 1923 491 1976 consulendum.
527 1924 561 1974 ln
575 1940 630 1995 (w
645 1928 672 1977 si
684 1924 752 1977 milri
763 1932 838 1980 esset
853 1927 1030 1992 obtempera·

224 1997 299 2052 tunm
310 1991 336 2041 si
347 2006 403 2042 non
414 1992 556 2058 optimam,
567 1999 598 2045 at
610 1994 731 2062 aliquam
743 1995 950 2063 rempublicam,
955 2008 1030 2062 quae

225 2060 297 2109 nune
306 2060 384 2110 nulla
394 2068 445 2122 est,
457 2061 628 2116 hebetemus.
665 2065 704 2116 Et
712 2080 796 2132 quum
806 2065 852 2127 iis,
863 2079 933 2132 quos
943 2065 972 2114 ri
983 2063 1030 2116 dc-

225 2126 335 2189 viceris,
346 2128 543 2182 consulendum
555 2139 614 2197 est3
632 2139 692 2187 tum
703 2134 734 2196 ii,
754 2134 809 2201 qui,
820 2134 906 2185 armis
917 2133 1028 2200 positis,

226 2194 473 2276 adnlmperaturum
492 2201 577 2252 fidem
588 2202 761 2273 confugient,
782 2203 910 2270 quamvis
919 2217 1030 2254 murum

227 2278 301 2316 arses
312 2268 490 2330 percusserit,
499 2271 655 2335 recipiendi
665 2278 738 2324 sunt.
773 2273 870 2339 inquo
881 2278 1030 2338 tantopere

226 2332 300 2399 apud
309 2341 421 2386 nostros
432 2336 543 2389 iustitia
553 2340 629 2391 culta
639 2349 689 2404 est,
700 2347 733 2392 nt
742 2341 770 2404 ii,
781 2342 829 2408 qui
838 2342 968 2393 civitates
980 2346 1031 2394 aut

225 2403 352 2454 nationes
363 2403 485 2459 devictas
495 2407 571 2460 bello
585 2409 614 2459 in
625 2409 709 2463 tidem
723 2410 908 2476 recepissent,
930 2424 1030 2462 esrum

225 2471 339 2538 patroni
355 2478 446 2523 essent
459 2489 538 2527 more
549 2478 692 2534 maiorum.
727 2478 770 2531 36.
788 2481 854 2530 Acb
895 2479 1029 2546 iquislem

226 2540 350 2607 aequitas
362 2542 534 2597 sanctissime
549 2545 641 2601 fetiali
658 2547 755 2613 populi
766 2548 872 2600 Roman
894 2548 957 2599 iure
969 2563 1031 2615 pes·

226 2610 330 2675 scripta
341 2618 392 2661 est.
429 2612 537 2677 Exque
549 2614 671 2683 intelligi
680 2621 784 2683 potest,
805 2616 911 2669 nullum
922 2617 1030 2671 bellan

226 2691 287 2731 esse
305 2680 423 2742 iustum,
441 2680 496 2732 nisi
507 2683 585 2749 quod
599 2692 649 2741 aut
664 2687 747 2740 rebus
762 2685 891 2753 repetitis
903 2692 1030 2754 geratur·
