2084 3025
174 127 229 183 lle
357 124 414 181 Dii
430 124 603 183 NATURA
620 123 802 178 DEORUM

172 234 341 300 tempestate
351 230 444 282 timidi
456 236 485 285 et
494 229 647 297 perterriti,
663 229 798 294 dicerent,
812 245 869 282 non
880 229 992 286 iniuria

132 365 135 372 Ι
174 302 231 354 sibi
240 302 311 353 illud
321 300 456 364 accidere,
474 302 524 367 qui
532 301 613 353 illum
622 301 651 351 in
661 300 789 352 eamdem
799 316 900 352 navem
909 316 991 355 rece·
1040 360 1041 365 ,

173 372 293 439 pissent:
316 371 440 422 ostendit
451 372 491 423 eis
503 372 534 422 in
545 371 642 423 eodem
653 387 735 424 cursu
745 371 849 422 multas
859 371 935 422 alias
945 372 989 424 la·

176 443 318 504 borantes,
328 441 532 508 quaesivitque,
541 458 606 492 num
613 441 698 493 etiam
709 440 783 493 iniis
794 442 911 493 navibus
919 441 990 493 Die·

177 525 275 579 goram
285 509 349 562 vehi
360 510 515 564 crederent,
552 509 601 563 Sic
610 512 682 564 enim
693 528 724 564 se
734 527 779 563 res
789 509 888 574 habet,
905 517 940 562 ut
951 509 994 564 ad

177 595 340 648 prosperam
368 581 549 634 adversamve
570 581 725 646 fortunam,
753 581 844 648 qualis
867 582 907 633 sis
937 587 994 648 aut

178 649 411 718 quemadmodum
422 650 539 715 rixeris,
557 651 630 703 nihil
639 651 759 703 intersit.
795 652 839 707 ⁹0.
855 651 919 703 Non
931 653 992 702 ani·

177 718 368 783 modoetiam,
388 721 492 789 inquit,
514 723 610 773 omnia
625 721 685 773 Dii:
708 737 743 773 ne
756 720 848 787 Reges
864 720 992 787 quidem.

157 818 161 823 ·
178 790 310 851 Quidest
324 790 433 843 similet
453 792 545 861 Reges
556 793 630 844 enim
641 794 665 842 sl
681 792 802 843 scientes
812 790 993 858 praetermit-

178 865 251 922 tunt,
258 875 360 929 magna
370 861 515 929 ‘culpaest
551 863 587 913 At
598 861 659 914 Deo
671 878 706 913 ne
717 861 862 914 excusatio
874 859 991 927 quidem

179 935 223 982 est
234 931 407 983 inscientiae.
443 930 598 984 xxxviii.
623 933 712 995 Quem
727 946 776 982 vos
786 930 931 997 praeclare
941 929 991 982 de·

177 999 308 1069 tenditis,
331 1016 415 1067 quum
436 1000 538 1064 dicitis,
559 1017 622 1055 eam
635 1002 691 1051 rim
706 1000 832 1051 Deorum
852 1015 927 1063 esse,
947 1005 992 1064 ut,

178 1070 264 1122 etiam
278 1070 304 1121 si
314 1072 375 1137 quis
387 1077 476 1123 morte
492 1087 597 1137 poenas
613 1071 726 1123 sceleris
738 1069 882 1136 effugerit,
903 1084 990 1136 expe·

175 1144 273 1190 tantur
283 1153 333 1191 eae
343 1154 450 1206 poenae
463 1156 480 1191 a
491 1141 600 1200 liberis,
620 1157 639 1192 a
646 1140 808 1203 nepotibus,
827 1139 990 1205 appeteris.

177 1209 201 1260 0
212 1207 312 1260 miram
328 1210 499 1276 aequitatem
510 1206 646 1259 Deorum!
667 1206 690 1257 F
692 1213 801 1259 crretne
816 1209 877 1260 ulla
887 1209 989 1262 cirita

176 1278 296 1330 latorem
316 1278 477 1329 istiusmodi
494 1277 580 1346 legis,
610 1283 642 1327 nt
663 1276 895 1331 condemnaretur
911 1279 991 1333 finus

178 1353 226 1400 aut
238 1346 366 1414 nepos,si
376 1353 516 1414 paterent
526 1363 595 1399 avos
606 1345 789 1413 deliquisscti

214 1415 332 1481 Quinam
346 1416 558 1472 Tantalidarum
568 1415 752 1470 internecioni
760 1418 854 1470 modae

212 1486 354 1541 Pare'tari
370 1498 421 1542 aat
432 1504 565 1558 quaenam
575 1486 702 1556 uniquam
711 1487 742 1540 ab
753 1498 866 1542 marten
876 1483 993 1560 Mirste

189 1563 193 1572 ’
214 1558 316 1618 Poent't
327 1559 430 1614 luendis
441 1558 554 1612 dabitur
564 1557 651 1610 satim
662 1556 804 1625 supplicii?

180 1624 224 1683 91.
234 1629 334 1681 Utrum
344 1636 446 1696 poetae
458 1629 571 1682 Stoicos
581 1628 769 1695 depravarint,
779 1644 815 1680 an
825 1628 913 1682 Stoici
925 1643 992 1697 poe·

180 1697 218 1751 tis
230 1698 358 1754 dederint
368 1701 578 1762 auctoritatem,
596 1714 651 1749 non
662 1696 746 1749 facile
758 1698 888 1752 dixerima
922 1700 992 1753 Por·

179 1775 261 1822 tenta
274 1770 347 1823 enim
362 1775 391 1822 et
406 1768 515 1837 flagitia
530 1770 566 1820 ab
580 1768 707 1836 utrisque
717 1767 855 1821 dicuntur.
891 1769 992 1837 Neque

181 1839 265 1901 enim,
276 1854 358 1906 quem
369 1839 556 1907 Hipponactis
565 1838 674 1890 iambus
679 1838 810 1901 laeserat,
821 1840 923 1907 antqm
928 1845 993 1892 erat

169 1908 341 1962 Archilochi
351 1921 432 1960 versu
447 1909 625 1972 vulneratus,
646 1925 663 1960 a
673 1908 734 1960 Deo
745 1908 900 1961 iniuriosum
912 1909 994 1961 dolo·

179 1993 248 2040 rem,
259 1993 313 2029 non
323 1986 486 2045 conceptum
498 1995 554 2031 ase
564 1979 634 2046 ipso,
647 1978 819 2031 continebat:
835 1995 894 2044 nec,
905 1994 992 2047 quum

179 2045 306 2115 Aegisthi
315 2048 470 2113 libidinem,
480 2056 530 2103 aot
540 2064 623 2117 quum
633 2049 744 2100 Paridis
755 2048 891 2112 ridemus,
902 2048 992 2102 aDeo

182 2133 309 2170 caussam
323 2119 502 2187 requirimus,
522 2136 606 2189 quum
622 2119 722 2187 culpae
733 2134 822 2186 paene
835 2134 932 2172 vocem
944 2134 993 2172 au·

181 2188 302 2240 mamus:
314 2205 365 2242 nec
376 2205 429 2258 ego
439 2190 591 2243 multorum
602 2205 751 2257 aegrorum
762 2189 881 2242 salutem
891 2188 993 2242 nonai)

180 2258 355 2326 Hippocrate
366 2261 474 2327 potius,
494 2278 577 2330 quam
588 2260 623 2313 ab
634 2259 802 2325 Aesculapio
814 2259 910 2311 datam
919 2258 994 2311 iudi·

182 2344 228 2379 co:
249 2345 300 2381 nec
318 2329 604 2383 Lacedaemoniorum
625 2329 800 2397 disciplinam
816 2329 914 2381 dicam
932 2343 995 2380 nm·

182 2413 265 2464 qnam
280 2401 315 2452 ab
325 2401 453 2467 Apolline
468 2402 564 2468 potius
580 2398 712 2466 Spartae,
732 2414 815 2466 quam
829 2399 995 2467 aLycurgo

151 2470 158 2504 (
182 2468 287 2521 datam.
324 2470 475 2532 Critolaus,
485 2472 606 2537 inquam,
617 2469 720 2522 evertit
730 2467 895 2520 Corinthum
902 2484 910 2532 3
917 2468 998 2533 ⁴Kar·

180 2537 325 2609 thaginem
335 2539 505 2594 Hasdrubal.
541 2539 582 2589 lli
594 2538 650 2590 duo
665 2538 732 2590 illos
749 2538 846 2590 oculos
857 2553 925 2591 orae
936 2554 998 2591 ma·

181 2610 294 2664 ritimae
306 2607 471 2670 effoderunt,
490 2624 547 2660 non
556 2608 646 2660 iratus
658 2608 762 2675 aliqui,
777 2623 865 2675 qoem
877 2609 998 2661 omnino

180 2678 266 2732 irasci
275 2693 358 2749 posse
373 2678 497 2746 negatis,
514 2677 602 2731 Deus.
637 2677 767 2742 XXXlX,
785 2678 829 2731 92
839 2679 877 2732 At
891 2678 1000 2733 suero
