2084 3025
219 210 227 217 ,
315 152 402 206 ran.
420 153 475 207 111.
493 152 591 233 porr„
609 153 634 208 1.
840 157 875 209 rr

52 274 122 310 non
138 255 279 327 laudanda
295 256 354 310 nita
371 268 426 310 eat:
447 275 537 327 neque
553 273 636 326 porro
657 255 790 325 fugienda
808 259 878 322 vita,

54 341 142 395 quae
154 324 297 376 laudanda
308 334 359 378 est.
396 328 480 380 Erret
499 336 590 380 autem
603 327 748 395 fugienda,
769 329 794 379 ei
804 338 878 380 esset

51 397 183 447 misera.
221 394 407 455 Quamobrem
423 398 557 466 quidquid
576 405 619 449 eet
630 397 792 459 laudabile,·'
802 397 877 449 idem

53 467 90 517 et
103 465 225 523 beatum
241 471 269 515 et
279 463 380 518 florens
393 473 421 518 et
433 467 617 536 expetendum
627 467 717 519 videri
726 467 816 519 debet.

301 604 563 658 PKRADOXON
591 604 647 656 lll.

57 720 61 727 ,
112 666 178 732 Ὀτι
186 669 269 720 ἴσατὰ
281 669 460 742 ἁμαρτήματα
471 673 555 722 καὶτὰ
567 671 776 741 κατορθώματα.

56 770 63 783 ι
124 739 260 806 Aequalia
271 759 325 795 eme
331 752 447 812 perroto
458 750 485 794 et
495 751 569 795 reete
578 743 671 814 faeta.
703 762 705 765 ¹

53 820 58 825 ”
131 811 152 862 1.
174 811 218 861 20.
239 810 348 876 Paroa,
370 813 477 880 inquis,
498 827 541 863 ree
557 820 612 864 eet:
634 809 879 878 atmngnaeulpa.

58 879 93 936 N
95 896 131 933 eo
140 880 215 930 enim
227 889 353 948 peecata,
365 898 456 934 rerum
468 887 578 944 eventu,
587 880 636 933 sed
648 881 725 932 vitiis
737 880 879 931 hominum

56 949 215 1005 ,metienda
225 964 296 1003 suut.
333 953 364 1003 ln
376 967 430 1019 quo
442 958 581 1017 peccatur,
593 951 620 1001 id
631 958 725 1018 potest
735 948 811 1001 aliud
823 947 877 1000 alio

49 1020 162 1072 maius
178 1017 239 1070 es‘se
256 1023 418 1073 autminus:
440 1022 530 1088 ipsum
546 1020 657 1088 quidem
675 1019 744 1071 illud
755 1032 879 1086 peccare,

60 1103 183 1158 quoquo
195 1093 323 1154 verteris,
341 1108 425 1143 unum
436 1097 488 1144 est.
524 1091 592 1142 Auri
601 1105 698 1141 navem
711 1096 820 1142 evertat
830 1102 879 1155 gu·

59 1161 218 1220 bernator,
240 1176 274 1211 an
284 1163 396 1227 paleae3
417 1163 488 1213 inre
500 1160 718 1230 aliquantulum,
740 1161 769 1209 in
781 1159 878 1225 guber·

61 1230 180 1282 naturis
201 1229 312 1282 inscitia
326 1229 395 1282 nihil
414 1232 540 1282 interest.
576 1222 669 1297 Lapsa
689 1234 732 1280 est
747 1228 836 1279 libido
850 1226 880 1278 in

62 1299 190 1352 muliere
202 1299 311 1365 ignota:
321 1295 324 1303 '
333 1300 414 1352 dolor
425 1302 459 1352 ad
478 1300 625 1368 pauciores
640 1300 775 1366 pertinet,
795 1312 880 1364 quam

63 1373 91 1423 ei
105 1368 238 1435 petulans
249 1369 349 1422 luisset
360 1372 389 1421 in
401 1371 495 1439 aliqua
507 1384 643 1436 generosa
654 1385 686 1420 ac
697 1368 784 1419 nobili
795 1365 880 1433 virgi·

63 1455 118 1491 ne:
131 1440 257 1506 peccavit
267 1457 333 1492 vero
345 1440 533 1502 nihilominus,
544 1441 569 1490 si
580 1438 691 1507 quidem
702 1443 744 1491 est
756 1451 880 1503 peccare,

64 1517 215 1577 tamquam
228 1511 369 1564 transilire
380 1511 482 1563 lineas:
497 1511 570 1579 quod
581 1521 664 1578 quum
674 1507 785 1571 feceris,
797 1506 881 1573 culpa
955 1517 957 1522 ·

65 1581 222 1633 commissa
233 1586 289 1632 est:
311 1597 391 1648 quam
402 1582 486 1649 longe
496 1581 687 1649 progrediare,
699 1594 782 1646 quum
793 1578 881 1629 semel

63 1650 231 1713 transieris,
255 1651 291 1702 ad
306 1651 461 1720 arigendam
476 1649 668 1718 [transeundi]
686 1649 794 1715 eulpam
810 1645 880 1697 nihil
941 1675 945 1682 -

64 1720 204 1790 pertinet.
238 1720 357 1774 Peccare
373 1728 449 1774 corte
467 1723 534 1773 licet
544 1720 657 1773 nemini·
693 1718 774 1782 Quod
786 1725 879 1770 autem

65 1804 129 1844 non
142 1790 221 1853 licet,
240 1791 270 1842 id
281 1789 334 1843 hoo
343 1808 398 1844 uno
411 1799 531 1853 tenetur,
543 1793 568 1842 si
579 1783 708 1859 arguitur
718 1805 773 1840 non
783 1788 879 1841 licere.

64 1861 104 1914 ld
115 1860 141 1910 si
153 1876 204 1913 nec
214 1862 303 1912 maius
314 1879 364 1915 nee
375 1864 465 1914 minus
476 1876 607 1929 umquam
618 1862 679 1914 lieri
687 1866 783 1929 potest
799 1863 879 1925 (qno-

65 1930 149 1983 niam
160 1932 189 1981 in
200 1947 233 1984 eo
244 1939 455 1998 mpetratum,
470 1934 493 1984 si
504 1948 560 1984 non
571 1932 665 1997 licuit3
687 1931 761 2000 quod
771 1944 880 2000 semper

65 2015 157 2053 unum
169 2007 197 2054 et
207 2001 281 2054 idem
293 2007 352 2069 est)
363 2019 434 2070 quae
445 2018 478 2053 ex
491 2018 525 2055 eo
536 2011 653 2072 peecata
662 2007 822 2063 naseuntur,
834 2015 880 2052 ae·

66 2069 169 2138 qualia
179 2072 235 2122 sint
246 2078 365 2137 oportet.
400 2069 443 2124 21.
463 2072 579 2134 Quodsi
594 2074 711 2125 virtutes
722 2087 803 2140 pares
815 2074 880 2121 sunt

65 2142 148 2193 inter
162 2157 204 2193 se:
226 2142 306 2207 paria
324 2158 384 2194 esse
401 2143 485 2194 etiam
499 2143 571 2193 vitia
582 2159 695 2196 necesse
707 2149 759 2195 eet·
794 2140 880 2208 Atqui

67 2226 156 2282 parea
168 2226 228 2263 esse
239 2212 365 2274 virtutes,
371 2228 421 2263 nee
431 2210 504 2280 bono
514 2212 575 2263 viro
588 2214 742 2275 meliorem,
750 2227 801 2263 nec
810 2217 879 2261 tem·

68 2287 189 2351 perante
199 2282 453 2347 temperantiorem,
463 2298 515 2334 nee
525 2281 594 2333 forti
605 2282 758 2344 fortiorem,
777 2295 828 2332 neo
838 2294 881 2329 aa»

66 2352 167 2422 pionte
177 2348 375 2418 sapientiorem
385 2366 466 2419 poree
477 2352 552 2415 lieri,
569 2353 705 2404 facillime
714 2355 809 2416 potest
820 2363 880 2414 per·
966 2375 967 2378 =

67 2422 151 2489 epici.
187 2422 234 2472 An·
241 2421 331 2471 virum
348 2422 451 2473 bonum
462 2421 552 2484 dices,
572 2423 621 2488 qui
632 2421 790 2487 depositum
800 2417 879 2468 nullo

66 2498 152 2553 teste,
163 2506 246 2558 quum
257 2490 362 2542 lucrari
371 2491 482 2558 impune
493 2498 588 2558 posset
598 2492 660 2541 auri
670 2488 761 2555 pondo
774 2486 879 2550 decem,

68 2560 243 2623 reddiderit,
264 2561 289 2612 ei
310 2560 386 2613 idem
406 2561 434 2611 in
455 2561 550 2612 decem
573 2558 694 2611 millibus
714 2556 808 2624 pondo
823 2571 880 2608 non

54 2633 149 2688 -idem
159 2630 276 2683 feceritl
295 2637 343 2682 aut
352 2637 554 2697 temperantem
565 2645 635 2690 eum,
647 2628 695 2694 qui
704 2643 735 2678 ee
745 2627 775 2676 in
784 2624 880 2690 aliqua

70 2702 191 2756 libidine
212 2701 396 2760 continuerit,
417 2700 448 2752 in
466 2700 561 2762 aliqua
575 2696 723 2752 effuderitl
756 2696 800 2747 22.
818 2694 880 2747 Una
