2084 3025
259 127 261 130 ’
302 123 599 179 rudentum
813 118 864 180 167

54 235 145 289 docet
164 230 286 294 tabulis,
308 231 437 298 quoniam
458 228 543 284 habet
562 230 664 283 seriem
679 228 825 299 quamdam
836 237 864 290 et

55 305 187 359 ordinem
203 302 339 353 contracti
358 301 465 370 negotii
477 299 614 351 confectio
626 301 687 367 ipsa
698 301 864 363 tabularum,

57 372 205 427 attendam
225 372 327 423 acriter
348 378 376 423 et
397 370 462 439 quid
473 371 502 420 iu
520 368 694 420 defendendo
706 368 773 421 mihi
783 385 865 438 agen·

57 444 125 496 dnn
139 443 176 492 sit
187 440 296 492 videbo.
315 440 346 493 Si
356 441 474 509 denique
485 440 575 490 nitere
586 440 705 490 testibus
715 436 789 508 (non
800 440 864 490 dico

55 512 142 564 bonis
152 510 218 560 viris
231 526 264 561 ae
274 511 407 577 probatis,
419 511 477 561 noti
488 510 546 560 sint
556 505 669 579 modo):
690 508 866 575 quemadmo-

56 575 126 634 dum
137 578 202 629 mihi
214 595 275 631 cum
305 595 394 647 uoque
406 581 443 631 sit
456 577 659 644 confligendum
673 576 866 629 considerabo.

54 646 102 703 19.
123 647 172 700 Sin
184 666 253 700 unus
264 596 356 711 edim,
378 641 433 701 una
442 665 513 712 vox,
535 664 591 699 una
602 646 677 698 natio
689 654 732 699 est
743 649 866 697 omnium

55 719 190 782 testium3
212 720 249 782 si,
268 719 341 785 quod
353 719 373 768 ii
384 719 495 780 dicunt,
515 733 570 768 non
591 716 674 767 modo
690 716 774 768 nullis
787 730 867 782 argu·

54 788 177 851 mentis,
199 787 248 840 sed
264 804 297 839 ne
309 789 467 839 litterarum
479 788 589 855 quidem
599 787 693 855 aliquo
705 800 804 853 genere
817 789 867 834 aut

56 856 236 928 publicarum
249 864 297 908 aut
308 859 477 924 privatarum
489 854 583 927 (quod
594 864 687 908 tamen
698 857 787 921 ipsum
798 851 868 919 tingi

55 925 172 997 potest)
189 927 352 979 confirmare
364 935 509 979 conantur.
532 942 585 994 quo
598 942 642 977 me
654 936 774 986 vertam,
795 923 867 974 iudi·

57 1012 117 1058 ces,
140 1002 186 1046 aut
198 996 263 1063 quid
276 996 373 1063 agami
395 999 463 1048 Cum
474 996 592 1063 singulis
604 993 764 1061 disputem?
783 991 867 1061 quid!

56 1081 117 1119 non
127 1062 248 1116 habuisti
263 1066 337 1132 quod
353 1066 451 1119 daresi
472 1095 505 1105 -
526 1066 668 1117 Habuisse
682 1082 712 1117 se
729 1064 812 1117 dicet.
832 1087 865 1126 ··.

57 1136 133 1198 Quis
152 1134 183 1186 id
201 1135 274 1186 sciti
296 1135 364 1197 Quis
385 1137 415 1187 id
435 1136 582 1189 indicaviti
601 1135 663 1187 Non
683 1133 770 1186 fuisse
790 1147 867 1184 caus·

57 1204 141 1258 saort
158 1232 193 1270 ·.·
221 1204 322 1273 Finget
342 1205 437 1258 fuisse.
474 1207 529 1270 our
549 1205 709 1258 refellemus
731 1204 866 1270 potuisse,
932 1220 935 1224 ·

56 1290 119 1328 non
128 1272 195 1325 dare
206 1275 230 1324 si
241 1275 398 1327 noluisset?
419 1274 456 1327 vt
466 1283 592 1343 ereptum
604 1290 665 1327 esse
677 1274 760 1324 dicet.
789 1272 867 1333 Quae

57 1350 156 1416 potest
178 1343 338 1411 eloquentia
358 1345 524 1412 disputando
540 1343 630 1413 ignoti
645 1342 765 1394 hominis
780 1342 867 1406 impu·

58 1415 185 1467 dentiam
197 1414 360 1467 confutaret
394 1417 437 1466 20.
459 1415 523 1465 Non
540 1429 622 1480 agam
638 1413 726 1480 igitur
737 1426 799 1461 curn
810 1409 868 1461 ista

58 1483 214 1538 Sardorum
227 1484 431 1551 conspiratione
442 1490 470 1536 et
481 1499 542 1536 eum
553 1496 694 1550 expresso,
703 1491 801 1532 coacto
812 1477 868 1530 sol·

57 1554 229 1620 licitatoque
241 1556 365 1620 periurio
380 1554 522 1606 subtiliter
534 1570 584 1605 nee
596 1568 646 1603 acu
657 1550 792 1618 quaedam
804 1563 868 1601 enu-

58 1624 156 1676 cleata
176 1631 341 1689 argumento
361 1624 534 1690 conquiram3
556 1621 605 1674 sed
621 1627 719 1673 eontra
734 1621 868 1685 impetum

57 1694 149 1747 istum
171 1691 283 1743 illorum
299 1694 405 1760 impetu
423 1707 475 1759 ego
491 1699 587 1743 nostro
607 1705 767 1742 concurram
783 1695 867 1754 atquo

58 1759 220 1829 confligam.
256 1762 318 1817 Non
341 1770 383 1815 est
399 1778 470 1813 unus
486 1760 554 1813 mihi
570 1763 686 1829 quisque
703 1774 737 1812 ex
753 1758 868 1809 illorum
944 1778 948 1791 ³

32 1826 36 1837 ’
57 1831 124 1886 acie
140 1829 342 1899 protrahendus
360 1847 448 1898 neque
469 1848 532 1883 eum
543 1831 660 1899 singulis
670 1826 868 1882 decertandum

57 1908 146 1968 atque
168 1901 360 1968 pugnandum
381 1907 444 1953 tota
465 1906 512 1969 est=
527 1903 603 1954 acies
622 1901 675 1954 illo
690 1914 746 1950 uno
761 1898 868 1964 impetu

56 1970 272 2041 prosternenda.

114 2036 159 2091 21.
181 2039 233 2090 Est
252 2041 326 2092 enim
341 2055 425 2091 unum
447 2041 600 2093 maximum
616 2039 707 2092 totius
719 2036 868 2090 ‘Sardiniae

57 2109 275 2164 frumentarium
287 2109 400 2173 crimen,
411 2110 445 2162 de
457 2126 510 2177 quo
522 2111 649 2162 Triarius
661 2105 868 2160 omnesSardos

57 2179 252 2246 interrogavit
263 2215 270 2241 ‚
292 2180 370 2247 quod
387 2182 473 2246 genus
484 2196 539 2230 uno
548 2179 705 2232 testimonii
715 2175 829 2228 foedere
840 2179 869 2224 et
896 2185 901 2200 ·

59 2248 200 2304 consensu
217 2249 337 2300 omnium
357 2255 400 2302 est
416 2251 619 2301 confirmatum.
656 2246 736 2309 Quod
751 2259 803 2313 ego
816 2242 869 2293 cri·

56 2335 128 2373 men
138 2325 284 2388 antequam
296 2319 413 2385 attingo,
435 2327 499 2383 peto
513 2335 531 2370 a
540 2318 629 2379 vobis,
649 2317 764 2378 iudices,
781 2320 812 2364 ut
823 2327 868 2364 me

56 2389 152 2441 totius
164 2394 276 2439 nostrae
287 2387 457 2440 defensionis
469 2389 547 2454 quasi
558 2387 694 2454 quaedam
707 2386 798 2436 iacere
809 2381 870 2432 fun·

58 2458 195 2512 daerente
210 2457 365 2526 patiamini.
402 2458 478 2519 Quae
488 2457 512 2506 si
522 2461 619 2517 erunt,
639 2463 672 2504 ut
682 2470 744 2505 mea
753 2453 827 2503 ratio
840 2455 869 2502 et

58 2527 201 2593 cogitatio
218 2525 287 2587 fert,
308 2525 401 2593 posita
412 2531 441 2576 et
453 2526 619 2575 constituta:
640 2524 744 2572 nullam
757 2534 868 2572 aecusa-

56 2597 148 2649 tionis
161 2601 267 2661 partem
278 2597 481 2659 pertimescam.
502 2593 546 2644 22.
558 2592 657 2642 Dicam
668 2593 739 2641 enim
750 2591 868 2654 primum

57 2665 97 2722 do
108 2666 170 2736 ipso
186 2678 288 2734 genere
302 2663 500 2746 accusationisj
520 2667 620 2733 postea
636 2659 670 2713 de
681 2657 799 2727 Sardisq
809 2662 869 2708 tum
