2084 3025
145 96 156 115 ·
218 70 223 73 ’
253 107 331 163 mn.
350 111 371 163 1.
408 74 657 167 carnencas.
806 112 858 169 na

13 192 35 227 ¹⁸
49 214 188 280 scriptum
201 213 275 280 apud
288 182 415 266 eumdem
426 216 552 268 Caelium
563 224 619 279 est,
639 218 693 270 sibi
710 220 738 271 in
755 219 860 271 somnis

6 286 8 293 '
44 284 246 349 [Quaesturam
264 285 367 350 petenti
383 287 428 337 Ti.
441 285 557 340 fratrem
572 289 661 339 visum
679 305 739 340 esse
760 289 860 351 dicero,
941 300 948 305 '

50 368 133 420 quam
147 353 235 404 vellet
246 362 432 418 cunctaretur,
448 364 541 408 tamen
553 357 650 408 eodem
663 359 718 409 sibi
728 360 795 418 leto,
805 374 860 425 quo

51 425 112 489 ipse
133 423 294 485 interisset,
316 441 377 476 esso
399 427 578 491 pereundum.
614 428 691 491 Hoc,
713 435 861 494 antequam

50 493 195 544 Tribunus
205 493 282 559 plebi
293 495 322 546 C.
334 494 479 546 Gracchus
490 495 582 548 iactus
593 505 676 560 esset,
690 506 719 549 et
730 515 760 549 se
771 496 862 548 andis·

51 578 80 613 se
94 563 200 613 scribit
217 563 337 627 Caelius,
361 572 389 617 et
409 565 511 633 dixisse
531 567 635 618 multis.
672 567 734 629 Quo
753 567 862 618 anuinio

52 631 118 698 quid
130 632 252 683 inveniri
263 639 357 699 potest
369 635 488 686 eortius?
510 636 626 688 xxvii.
638 638 727 699 Quint
744 638 796 688 illu
806 636 862 687 duo

53 701 179 763 somnia,
201 716 272 768 quae
283 704 448 755 creberrime
460 710 713 757 commemorantur
724 722 741 757 a
751 706 863 767 Stoicis,
945 740 948 747 ·

53 771 113 838 quis
124 770 241 822 tandem
251 779 344 838 potest
355 776 550 827 contemneret
565 792 649 826 unum
662 775 696 827 de
706 775 861 827 Simonides

72 841 100 890 ui
111 855 197 907 quom
208 842 336 908 ignotum
347 844 663 911 quemdamproiectnm
676 852 813 896 mortuum
826 843 863 893 vi·

55 857 149 973 disset,
168 926 286 978 eumque
296 910 474 977 humavisset,
490 914 662 982 haberetque
672 915 700 965 in
712 915 805 965 animo
817 926 863 963 na·

55 996 115 1031 rem
125 981 323 1045 conscendere,
340 986 448 1035 moneri
458 985 535 1035 visus
546 992 598 1047 est,
615 1001 649 1035 ne
660 985 688 1034 id
700 984 813 1044 faceret,
827 981 862 1035 ab
876 1048 879 1055 Α

56 1064 95 1112 eo,
106 1066 189 1118 quem
199 1052 347 1119 sepultura
357 1054 501 1117 affecerat:
512 1055 538 1105 si
548 1055 715 1122 navigasset,
728 1069 790 1107 eum
798 1067 863 1104 nau·

41 1119 144 1191 magio
167 1137 230 1173 esse
251 1124 418 1188 periturum:
440 1125 534 1191 itaque
554 1124 725 1179 Simonidem
745 1124 861 1175 redisse:

38 1216 42 1233 ι
56 1192 158 1256 perisse
174 1199 297 1255 ceteros,
318 1195 440 1261 quitum
452 1197 639 1261 navigassent.
675 1195 718 1247 57.
736 1194 862 1246 Alterum

55 1259 96 1311 ita
107 1261 252 1325 traditum,
266 1263 371 1315 clarum
383 1263 533 1316 admodum
544 1266 689 1317 somnium.
706 1267 796 1327 Quum
808 1262 863 1313 dno

57 1330 168 1397 qnidam
180 1333 304 1385 Arcades
314 1333 469 1397 [emili-ares
480 1337 535 1386 iter
544 1351 599 1387 una
610 1334 746 1396 facerent,
766 1337 794 1385 ot
804 1332 863 1383 Me-

56 1415 150 1468 garam
169 1404 322 1467 venissent,
342 1404 460 1455 alterum
476 1404 511 1455 ad
527 1420 678 1471 cauponem
695 1402 863 1464 devertisse;

5 1470 6 1505 ἶ
56 1469 89 1523 ad
102 1469 253 1539 hospitem,
273 1473 402 1528 alterum.
439 1474 540 1540 Quint
556 1474 665 1528 caonati
680 1475 864 1541 quiescerent,

56 1543 192 1594 concubia
203 1551 286 1595 nocte
300 1545 391 1595 visum
402 1561 462 1597 esse
478 1546 506 1596 in
524 1546 629 1596 somnis
640 1545 680 1605 ei,
699 1544 745 1610 qui
760 1547 821 1593 erat
836 1541 865 1591 in

5 1663 7 1666 ,
56 1611 189 1678 hospitio,
200 1613 281 1664 illum
292 1613 410 1665 aiterum
422 1628 512 1678 orare,
522 1622 554 1665 ut
565 1614 733 1674 subveniret,
745 1610 817 1678 quod
829 1610 866 1661 si·

55 1681 83 1733 bi
94 1698 111 1733 a
122 1698 251 1749 caupone
262 1684 391 1736 interitus
402 1692 563 1751 pararetnr3
584 1699 646 1735 erim
658 1683 747 1748 primo
760 1686 864 1747 perter-

57 1753 139 1804 ritum
152 1753 262 1804 somnio
275 1754 441 1806 surrexisse:
458 1753 528 1805 dein
545 1769 627 1821 quum
642 1768 673 1803 se
688 1750 864 1816 collegissem

57 1821 136 1888 idque
146 1823 241 1873 visum
253 1838 303 1889 pro
318 1822 406 1874 nihilo
421 1822 577 1875 habendum
589 1839 649 1875 esse
664 1821 802 1882 duxisset,
822 1834 864 1871 re·

59 1893 196 1944 cubuisse:
208 1899 267 1943 tum
278 1894 304 1945 ei
316 1893 466 1945 dormienti
475 1893 602 1946 cumdem
613 1893 692 1943 iilum
702 1893 790 1942 visum
802 1903 864 1941 esso

58 1975 165 2029 rogare,
180 1969 222 2026 ut,
238 1965 367 2031 quoniam
378 1964 433 2015 sibi
444 1964 507 2012 viro
519 1977 574 2012 non
585 1962 770 2017 subvenisset.
791 1973 863 2010 nior·

58 2036 111 2084 tem
120 2047 201 2083 suam
213 2034 376 2084 neinultam
390 2045 453 2084 esse
464 2033 620 2097 pateretur;
641 2047 671 2082 se
681 2029 863 2082 interfectum
908 2031 914 2042 ’

5 2155 6 2170 ἢ
56 2100 82 2154 in
92 2102 249 2168 plaustrum
261 2119 278 2154 a
287 2118 411 2168 caupone
417 2117 479 2155 esse
486 2102 650 2163 coniectum,
658 2109 688 2162 ¹ot
699 2116 784 2166 supra
793 2105 863 2149 ster·

57 2185 101 2224 eus
119 2172 269 2224 iniectum:
293 2180 401 2239 petere,
421 2178 453 2223 ut
469 2187 550 2223 mane
567 2171 602 2222 ad
617 2178 727 2238 portam
743 2169 863 2228 adesset,

58 2242 217 2323 priusquam
236 2243 391 2309 planstrum
408 2257 443 2296 ex
460 2242 562 2307 oppido
579 2240 678 2293 exiret.
713 2240 777 2291 Hoc
795 2249 863 2289 vero

57 2326 164 2363 sommo
179 2327 243 2363 eum
259 2319 436 2381 commotum,
457 2325 539 2362 mane
557 2310 679 2363 bubulco
697 2315 811 2376 praesto
826 2303 863 2357 ad

5 2415 7 2428 .
57 2387 167 2447 portam
187 2380 287 2433 fuisse:
310 2382 451 2448 quaesisse
465 2395 500 2432 ex
514 2396 562 2443 oo,
583 2380 649 2449 quid
663 2386 736 2431 esset
747 2380 775 2429 in
786 2377 863 2443 plau·

57 2458 127 2504 stro:
139 2451 220 2502 iilum
232 2451 411 2517 perterritum
423 2449 538 2518 fugisse,
550 2457 689 2501 mortuum
701 2453 810 2501 erutum
821 2459 863 2495 es·

57 2537 97 2573 se:
119 2536 286 2587 cauponem,
306 2521 497 2587 repatriante,
516 2535 620 2587 poenas
632 2519 751 2570 dedisse.
788 2511 863 2574 Quid

57 2589 108 2643 boc
125 2590 235 2643 somnio
253 2590 308 2641 dici
324 2596 418 2658 potest
429 2590 566 2640 divinius!
601 2587 728 2639 xxvlu.
746 2584 788 2637 58.
808 2580 864 2663 Sed

5 2669 7 2718 ξ
58 2661 121 2727 quid
143 2668 194 2714 aut
213 2662 309 2727 plura,
331 2667 379 2713 aut
394 2668 493 2713 vetera
506 2657 680 2727 quaerimnst
708 2655 797 2721 Saepe
810 2653 865 2703 tihi
932 2723 938 2744 Ι
