2084 3025
186 149 239 206 ³02
448 152 504 204 DE
522 148 709 205 LEGIBUS

186 255 316 307 iuvenum
326 271 382 310 nen
392 255 478 310 item!
493 263 523 308 at
534 256 646 325 ingenia
655 259 769 307 naturas
784 251 905 303 virtutes
916 256 944 302 et
953 249 993 301 ri-

185 326 238 387 tis,
258 340 330 392 quae
341 327 477 378 exsisteret
487 327 522 378 ab
533 325 664 395 ingeniis,
685 324 770 376 aliter
781 319 993 373 iudicabuntur!

186 410 222 446 sn
234 409 281 456 en,
301 395 385 447 aliter
395 412 476 463 quam
491 395 609 448 honesta
623 402 652 447 et
666 394 774 462 turpis,
794 407 851 442 nen
865 389 901 442 ed
915 396 992 441 natu·

183 480 246 517 ram
258 465 358 517 referri
368 480 482 519 neeesse
492 466 563 519 erit!
585 465 668 531 Quod
679 463 820 516 laudabile
828 463 929 513 benum
941 466 994 522 est,

185 535 216 585 in
226 550 256 585 se
267 533 369 587 babeat
381 538 455 604 qued
466 536 596 588 landetur
606 551 719 589 neeesse
730 539 781 587 est.
817 532 909 598 lpsum
920 532 993 581 enim

185 604 289 656 bunum
301 614 411 658 nonest
423 602 614 673 opinionibus,
626 606 676 658 sed
687 612 795 656 natura.
827 601 904 652 'Nam
913 600 941 650 ni
951 602 994 651 itu

186 680 275 737 esset,
296 676 370 727 beati
388 692 497 744 queque
512 676 644 744 opinione
660 680 761 728 essent.
797 670 859 745 Quo
875 670 941 737 quid
952 669 994 721 di·

187 744 212 795 ei
226 751 320 811 petest
333 747 463 798 stultiusl
490 746 583 808 Quare
594 761 677 813 quum
692 752 721 797 et
735 744 837 795 benum
848 746 876 792 et
887 738 991 791 urbium

185 822 287 867 natura
297 816 444 879 iudicetur,
460 823 488 869 et
498 833 532 869 ea
544 816 600 868 sint
612 815 751 883 principie
762 817 892 864 naturae:
915 816 992 862 certe

186 881 304 936 honesta
319 901 427 953 queque
438 892 468 938 et
481 886 576 953 turpia
590 886 677 936 simili
695 885 805 936 ratione
816 877 995 932 diiudicanda

188 961 217 1007 et
228 955 264 1006 ad
274 962 402 1007 naturam
412 957 559 1007 referende
568 962 642 1008 sunt.
664 955 709 1007 47.
720 952 775 1006 Sed
786 951 931 1020 perturbat
942 967 995 1001 nus

187 1025 350 1090 opinionum
365 1027 488 1077 sanetas
502 1025 699 1093 hominumque
715 1022 865 1076 dissensio:
884 1021 996 1088 etquis

185 1094 324 1146 nunidem
337 1096 473 1163 contingit
483 1097 510 1145 in
523 1096 659 1158 sensibus,
671 1094 721 1146 bes
731 1099 832 1146 nature
842 1097 934 1144 certos
945 1105 994 1158 pu-

185 1169 290 1215 temus:
313 1164 376 1228 illa,
398 1181 470 1233 quae
481 1167 545 1216 aliis
560 1166 616 1228 sie,
635 1165 700 1217 eliis
710 1178 803 1226 secus,
824 1177 877 1214 nee
891 1160 995 1215 iisdem

185 1248 296 1300 semper
305 1249 360 1284 une
372 1235 455 1287 mede
467 1236 606 1300 ridentur,
617 1236 684 1287 fiete
692 1250 753 1297 esse
764 1233 898 1284 ducimus.
909 1231 995 1294 Quod
1034 1240 1035 1243 ’

186 1308 229 1355 est
248 1303 332 1370 lenge
349 1305 439 1359 aliter.
475 1307 546 1358 Nam
564 1321 663 1359 sensus
678 1310 790 1357 nostres
809 1319 863 1354 nen
882 1317 995 1368 parens,

184 1387 241 1424 nen
251 1376 354 1438 nutrix,
375 1392 429 1427 nen
440 1377 590 1442 magister,
612 1392 667 1428 nen
679 1381 770 1443 poeta,
788 1389 842 1423 mm
854 1370 994 1424 scenam·
1016 1394 1024 1399 ·

156 1474 159 1483 ι
183 1450 299 1512 pravnt,
318 1460 374 1496 nrm
392 1446 581 1497 multitudinis
603 1462 752 1499 censensus
764 1443 878 1495 ubdneit
889 1455 994 1495 arere.

184 1516 292 1569 Animis
307 1531 402 1568 onmes
417 1516 718 1580 tenduntur-insidiae,
740 1515 786 1568 rei
802 1514 901 1577 abiis,
923 1527 995 1581 ques

184 1586 269 1637 modo
280 1588 450 1650 enumeravi,
471 1588 519 1654 qui
528 1595 642 1640 teneres
652 1594 681 1640 et
690 1586 775 1638 rudes
786 1600 871 1652 quum
881 1597 996 1651 aecepe-

183 1663 259 1718 runt,
275 1657 403 1708 inliciunt
413 1663 442 1708 et
452 1655 577 1721 flectunt,
593 1663 625 1709 ut
634 1658 742 1721 velunt,
751 1656 796 1708 vel
808 1656 843 1706 ab
854 1669 901 1717 ea,
923 1668 998 1722 quae

184 1725 295 1793 penitus
310 1728 340 1778 in
355 1726 430 1790 e'mni
449 1744 533 1779 sensu
551 1728 698 1795 implicata
717 1724 834 1788 insidet,
853 1724 998 1776 imitatrix

183 1796 258 1858 beni,
269 1796 409 1865 voluptas,
419 1798 558 1849 malorum
569 1805 663 1850 eutem
671 1794 904 1850 meteremnium:
915 1795 997 1847 euius

182 1865 333 1918 blanditiis
345 1870 478 1933 corrupti,
496 1881 567 1935 quse
578 1875 680 1920 netum
688 1869 764 1921 bona
772 1871 846 1929 sunt,
857 1865 924 1933 quia
935 1862 997 1916 dul·

184 1935 283 1989 cedine
293 1935 346 1988 bae
357 1942 385 1989 et
395 1938 489 1990 scabie
501 1946 606 2000 carent,
618 1953 673 1989 nen
685 1937 823 1990 cernimus
833 1936 912 1987 setis.

238 2003 338 2058 xvfll.
356 2006 399 2059 48.
418 2006 562 2075 Sequitur,
582 2014 614 2058 ut
625 2008 756 2059 concluse
766 2005 837 2057 mibi
851 2006 909 2057 iam
925 2003 1000 2057 hese

183 2076 221 2128 sit
233 2078 321 2129 omnis
332 2077 415 2141 ratio,
431 2078 472 2142 (id
484 2078 559 2145 qued
570 2086 634 2130 ante
645 2077 742 2129 neulus
753 2092 787 2130 ex
798 2076 834 2127 iis
846 2082 903 2139 est,
924 2087 998 2142 qune

183 2146 347 2210 dictasunt)
359 2152 387 2199 et
401 2149 446 2198 ius
457 2153 485 2200 et
496 2164 576 2200 omne
593 2147 740 2200 honestum
755 2161 806 2198 sus
821 2152 923 2212 sponte
935 2158 997 2196 esse

183 2217 378 2284 expetendum.
414 2218 527 2269 Etenim
539 2232 636 2271 omnes
646 2218 701 2269 riri
714 2216 782 2270 beni
797 2215 890 2283 ipsam
901 2212 996 2281 eequi-

182 2291 271 2338 tatem
282 2293 310 2339 et
321 2289 364 2339 ius
375 2287 463 2355 ipsum
475 2294 578 2351 amant,
593 2303 645 2340 nee
655 2293 698 2340 est
707 2287 762 2339 viri
771 2286 848 2350 beni,
858 2300 956 2339 errare
968 2287 998 2336 et

183 2355 312 2438 diligere,
323 2357 396 2424 quod
409 2372 499 2423 perse
510 2359 613 2409 nonsit
624 2357 806 2426 diligendum.
834 2356 890 2410 Per
901 2371 933 2409 se
944 2353 998 2422 igi·

173 2430 229 2488 fier
243 2442 286 2478 rus
304 2433 346 2478 est
361 2428 545 2492 expetendum
560 2435 590 2480 et
602 2427 758 2480 colendum.
794 2427 879 2490 Quod
894 2427 921 2479 si
941 2425 999 2485 ius,

182 2496 267 2546 etiam
278 2495 397 2546 iustitia:
410 2496 450 2547 sie
459 2497 585 2564 reliquae
596 2513 705 2565 quoque
714 2497 833 2549 virtutes
844 2510 940 2565 perse
951 2507 999 2546 eo·

181 2562 282 2616 lendae
300 2571 372 2615 sunt.
408 2565 501 2626 Quies
521 2568 678 2618 liberalitas
699 2567 859 2635 gratuitane
880 2574 939 2629 est,
961 2567 1000 2615 sn

150 2680 153 2686 ,
182 2633 372 2711 mercenariei
391 2633 422 2685 Si
435 2636 496 2688 sine
506 2637 632 2703 praemio
642 2638 764 2706 benigna
773 2644 830 2700 est,
849 2628 999 2704 ‘gratuitas

182 2714 207 2749 ιι
219 2716 281 2754 eum
292 2703 428 2769 mercede,
449 2706 600 2759 eonducta:
621 2722 674 2760 nee
684 2715 727 2760 est
739 2706 861 2770 dubium,
881 2707 954 2775 quin
964 2704 1000 2766 is,
