2084 3025
359 143 639 200 rnnauanrn.
674 123 678 132 '
854 146 905 202 me

80 248 336 317 ‘vissimaeneque
351 249 418 303 ndei
428 266 510 304 meae
520 253 591 304 satis
604 267 665 305 esse
675 250 830 316 iacturum,
851 252 906 306 nisi

91 333 142 370 rae
153 334 280 372 caussam
291 320 370 373 illam
381 336 437 372 non
448 322 539 375 salum
550 322 685 387 homines,
705 323 755 376 sed
767 324 852 375 ctiam
865 323 907 376 lo·

93 405 146 441 cus
156 391 216 458 ipse
226 388 358 458 lacusque
368 390 522 445 docuisset.

150 461 193 512 28.
213 460 309 526 Neque
325 466 356 512 tu
372 461 599 526 alitcr'fecisscs,
617 463 724 525 Triari,
745 463 769 514 si
784 467 812 515 te
823 462 852 514 id
862 465 905 515 tui

92 528 146 579 isti
155 529 237 582 Sardi
248 529 341 582 facere
351 531 520 596 noluissent,
542 532 585 596 hi,
605 535 654 601 qui
669 540 697 585 te
708 535 738 583 in
746 532 905 585 Sardiniam

94 599 210 650 minime
222 601 316 652 venire
328 601 524 667 valueruntne
535 603 618 671 longe
630 603 813 655 aliterornnia
823 609 906 670 atque

47 675 50 677 ’
95 676 178 722 erant
189 665 225 721 ad
235 677 264 722 te
275 670 372 723 delata
382 687 581 740 cognosceres,
600 675 704 742 nullam
715 672 918 728 multitudinis

92 739 124 789 ia
135 738 266 792 Sardinia
281 742 438 808 querclam,
457 739 567 795 nullum
584 745 612 794 in
625 743 731 796 Scauro
749 742 844 794 odium
858 757 907 808 po·

92 810 163 876 puli.
177 810 234 873 229.
249 809 290 863 Ae
300 811 370 876 eide,
384 811 488 886 iiiare',
500 823 630 881 quantum
638 824 785 883 praetereo
796 811 908 865 intersit

21 937 25 942 ,
91 880 169 934 inter
178 895 264 932 areum
275 890 358 949 atquc
371 893 448 938 tuom
459 883 669 937 accusationem.
705 883 733 936 Ε
755 899 833 935 onon
843 890 907 936 ante

94 949 344 1018 comperendinavi,
366 971 461 1021 quam,
483 956 708 1023 quemadmodem
740 951 907 1021 annitenti

90 1030 242 1089 poctarum
249 1021 360 1092 fabulis
370 1024 516 1088 credinrne,
540 1024 708 1078 Enceladum
718 1023 853 1076 deiectum
864 1029 908 1073 at·

40 1149 45 1152 Α
95 1108 147 1159 quc
158 1091 315 1143 semiustum
325 1092 452 1160 inmerito
463 1095 555 1147 insula
567 1095 674 1162 operuit
686 1095 741 1157 ael,
759 1102 791 1145 ut
801 1091 853 1144 atii
862 1105 907 1144 ao·

93 1163 173 1224 lunt,
196 1158 365 1230 Typhonem,
386 1164 462 1215 cuius
477 1164 601 1217 areleclitu
617 1168 734 1218 Aetnam
750 1162 849 1215 ardere
864 1160 905 1212 di·

95 1236 178 1293 eunt,
200 1232 240 1282 sic
250 1229 367 1283 Verrem
378 1236 552 1300 operuissem
563 1234 742 1286 Siciliateste
752 1238 823 1284 tota.
860 1232 905 1283 Tu

93 1315 151 1354 uno
163 1299 416 1368 comperendinasti
426 1320 503 1355 rcum
514 1309 587 1356 teste
598 1305 745 1372 producto.
757 1305 792 1353 At
804 1306 906 1369 quote·

92 1371 158 1423 atei
171 1370 227 1422 ν1)ἰί
246 1370 434 1425 immortales!
461 1373 525 1425 Non
546 1376 635 1438 satis,
653 1372 728 1441 quod
748 1387 818 1435 unm
838 1386 905 1435 non,
986 1413 990 1418 .

18 1491 34 1499 ,,
93 1441 169 1508 quod
180 1442 291 1510 ignot03
312 1457 379 1505 non,
400 1444 474 1509 quod
486 1444 554 1496 leri:
576 1445 695 1495 etiamne
706 1441 821 1496 Valerio
831 1446 905 1493 teste

91 1515 213 1580 primam
224 1512 364 1564 actionem
374 1512 530 1576 coniecisti,
552 1516 600 1582 qui
610 1514 699 1582 patris
710 1512 754 1563 tui
765 1510 904 1564 beneficio

89 1582 210 1635 civitate
227 1583 344 1634 donatus
356 1585 476 1651 gratiam
493 1585 545 1636 tibi
557 1601 613 1636 non
624 1584 782 1636 illustribus
794 1582 905 1645 officiis,

91 1652 144 1705 sed
155 1652 306 1705 manifesto
317 1654 425 1719 peiurio
437 1654 554 1706 retulit?
590 1655 633 1708 30.
655 1653 736 1718 Quod
747 1653 771 1702 si
782 1659 811 1726 te
823 1668 905 1704 omen
945 1682 950 1691 ι

90 1721 213 1787 nominis
224 1724 309 1773 vestri
322 1722 392 1775 forte
405 1724 497 1775 duxit:
520 1740 571 1776 nos
581 1731 677 1777 tamen
686 1723 717 1773 id
728 1737 807 1775 more
817 1722 905 1773 maio·

90 1808 165 1854 tuni,
188 1794 253 1858 mria
262 1791 385 1846 faustum
405 1801 545 1862 putamus,
560 1812 616 1847 nnn
626 1795 662 1846 nd
674 1792 840 1861 perniciem,
859 1808 906 1844 ve·

90 1878 156 1914 rum
175 1862 211 1913 ad
227 1863 347 1916 salutem
359 1865 587 1933 interpretamur.
624 1864 679 1918 Sed
691 1863 782 1914 omnis
793 1863 851 1913 ista
861 1878 905 1914 ce·

89 1932 193 1986 locitas
203 1949 238 1985 ac
245 1931 401 1998 festinatio,
418 1936 491 2002 quod
503 1936 723 2003 inquisitionem,
744 1932 818 2000 quod
830 1933 906 2000 prio·

74 2007 153 2056 'rem
166 2005 305 2055 actionem
316 2012 406 2056 totam
417 2005 565 2069 sustulisti,
575 2005 647 2057 iilud
658 2003 791 2072 patefecit
803 2009 832 2054 et
839 2002 905 2053 illu·

90 2074 204 2136 strarit,
217 2074 292 2141 quod
302 2075 444 2127 occultum
454 2081 548 2128 tamen
558 2092 614 2127 non
625 2080 695 2137 crat,
711 2088 766 2123 non
778 2070 904 2126 essehoc

30 2154 33 2160 ’
89 2142 228 2196 iudicium
239 2145 347 2209 iudicii,
368 2145 419 2198 sed
432 2146 609 2203 comitiorum
621 2144 816 2198 Consularium
826 2157 904 2196 caris·

90 2220 368 2282 sacrosanctarum
779 2276 782 2281 .
897 2271 899 2277 ,

100 2325 105 2332 .
147 2281 189 2337 31.
210 2282 267 2337 ilic
284 2286 470 2354 egoAppinm
482 2284 630 2339 Claudium
642 2282 791 2337 Consulem
808 2280 904 2334 fortis·
967 2344 974 2351 Ι

91 2353 194 2404 sunum
214 2360 300 2422 atque
321 2358 529 2407 ornatissimum
549 2356 640 2406 virum
662 2368 842 2418 mecumque,
871 2357 904 2402 nt

90 2438 176 2490 spero
183 2459 191 2485 ,
212 2425 290 2478 fideli
300 2427 329 2477 in
340 2427 461 2492 gratiam
474 2426 565 2477 reditu
578 2424 713 2489 firmoque
724 2422 903 2472 coniunctum

36 2519 42 2523 ·
89 2493 256 2557 nullaloce,
278 2495 399 2557 indices,
417 2495 594 2558 vituperabo.
633 2491 839 2542 Fuerantenirn
853 2503 904 2545 cae

90 2563 189 2630 urmes
201 2570 250 2615 ant
260 2567 332 2628 eins,
354 2579 433 2632 quem
445 2563 473 2613 id
483 2560 578 2614 iacere
590 2559 669 2611 dolor
679 2567 707 2611 ct
717 2559 839 2626 suspicio
850 2575 903 2611 sna
990 2612 1003 2629 X

92 2634 199 2700 coegit,
210 2642 258 2686 aut
269 2635 339 2696 eius,
354 2632 460 2702 quihus
472 2633 526 2685 sibi
537 2636 633 2698 partes
644 2629 817 2697 depoposcit,
829 2628 905 2697 quod

93 2700 144 2755 aut
155 2719 212 2756 non
223 2704 474 2768 animadvertebat,
489 2718 570 2771 quem
580 2701 709 2767 violaret,
732 2705 780 2760 aut
790 2699 903 2754 facilem
