<?xml version="1.0" encoding="UTF-8"?>
<!DOCTYPE html PUBLIC "-//W3C//DTD XHTML 1.0 Transitional//EN"
    "http://www.w3.org/TR/xhtml1/DTD/xhtml1-transitional.dtd">
<html xmlns="http://www.w3.org/1999/xhtml" xml:lang="en" lang="en">
 <head>
  <title>
</title>
<meta http-equiv="Content-Type" content="text/html;charset=utf-8" />
  <meta name='ocr-system' content='tesseract 3.04.00' />
  <meta name='ocr-capabilities' content='ocr_page ocr_carea ocr_par ocr_line ocrx_word'/>
</head>
<body>
  <div class='ocr_page' id='page_1' title='image "./opera00nobbgoog_0055.png"; bbox 0 0 2084 3025; ppageno 0'>
   <div class='ocr_carea' id='block_1_1' title="bbox 266 39 842 100">
    <p class='ocr_par' dir='ltr' id='par_1_1' title="bbox 266 39 842 100">
     <span class='ocr_line' id='line_1_1' title="bbox 266 39 842 100; baseline 0.003 -2"><span class='ocrx_word' id='word_1_1' title='bbox 266 40 387 100; x_wconf 72' lang='lat' dir='ltr'><strong>Liui</strong></span> <span class='ocrx_word' id='word_1_2' title='bbox 422 40 507 98; x_wconf 75' lang='lat' dir='ltr'><strong>DAP.</strong></span> <span class='ocrx_word' id='word_1_3' title='bbox 527 39 639 100; x_wconf 53' lang='lat'><strong>121³(</strong></span> <span class='ocrx_word' id='word_1_4' title='bbox 807 39 842 100; x_wconf 66' lang='lat'><strong>15</strong></span> 
     </span>
    </p>
   </div>
   <div class='ocr_carea' id='block_1_2' title="bbox 11 145 847 2019">
    <p class='ocr_par' dir='ltr' id='par_1_2' title="bbox 11 145 847 2019">
     <span class='ocr_line' id='line_1_2' title="bbox 11 145 843 217; baseline -0.002 -15"><span class='ocrx_word' id='word_1_5' title='bbox 11 173 12 180; x_wconf 19' lang='grc' dir='ltr'><strong>κ</strong></span> <span class='ocrx_word' id='word_1_6' title='bbox 36 158 157 217; x_wconf 79' lang='lat' dir='ltr'><strong>tegeres,</strong></span> <span class='ocrx_word' id='word_1_7' title='bbox 172 147 221 216; x_wconf 74' lang='lat' dir='ltr'><strong>qui</strong></span> <span class='ocrx_word' id='word_1_8' title='bbox 230 162 291 202; x_wconf 86' lang='lat' dir='ltr'><strong>sese</strong></span> <span class='ocrx_word' id='word_1_9' title='bbox 301 154 389 216; x_wconf 72' lang='lat' dir='ltr'><strong>negat</strong></span> <span class='ocrx_word' id='word_1_10' title='bbox 399 146 511 201; x_wconf 57' lang='lat' dir='ltr'><strong>ommno</strong></span> <span class='ocrx_word' id='word_1_11' title='bbox 524 147 559 202; x_wconf 81' lang='lat' dir='ltr'><strong>de</strong></span> <span class='ocrx_word' id='word_1_12' title='bbox 567 148 632 201; x_wconf 84' lang='lat' dir='ltr'><strong>Diis</strong></span> <span class='ocrx_word' id='word_1_13' title='bbox 640 145 755 210; x_wconf 58' lang='lat' dir='ltr'><strong>hobus</strong></span> <span class='ocrx_word' id='word_1_14' title='bbox 768 146 843 216; x_wconf 77' lang='lat' dir='ltr'><strong>quod</strong></span> 
     </span>
     <span class='ocr_line' id='line_1_3' title="bbox 11 215 843 298; baseline -0.001 -28"><span class='ocrx_word' id='word_1_15' title='bbox 11 255 13 298; x_wconf 65' lang='lat'>‚</span> <span class='ocrx_word' id='word_1_16' title='bbox 36 220 149 286; x_wconf 78' lang='lat' dir='ltr'><strong>liqueat,</strong></span> <span class='ocrx_word' id='word_1_17' title='bbox 164 218 231 281; x_wconf 83' lang='lat' dir='ltr'><strong>sint,</strong></span> <span class='ocrx_word' id='word_1_18' title='bbox 244 231 300 268; x_wconf 90' lang='lat' dir='ltr'><strong>non</strong></span> <span class='ocrx_word' id='word_1_19' title='bbox 309 218 377 280; x_wconf 80' lang='lat' dir='ltr'><strong>sint,</strong></span> <span class='ocrx_word' id='word_1_20' title='bbox 387 217 517 284; x_wconf 83' lang='lat' dir='ltr'><strong>qunlesve</strong></span> <span class='ocrx_word' id='word_1_21' title='bbox 527 218 592 282; x_wconf 81' lang='lat' dir='ltr'><strong>sint,</strong></span> <span class='ocrx_word' id='word_1_22' title='bbox 606 217 757 285; x_wconf 72' lang='lat' dir='ltr'><strong>quidquem</strong></span> <span class='ocrx_word' id='word_1_23' title='bbox 768 215 843 269; x_wconf 75' lang='lat' dir='ltr'><strong>vius·</strong></span> 
     </span>
     <span class='ocr_line' id='line_1_4' title="bbox 36 286 844 355; baseline -0.005 -14"><span class='ocrx_word' id='word_1_24' title='bbox 36 297 79 341; x_wconf 86' lang='lat' dir='ltr'><strong>tur</strong></span> <span class='ocrx_word' id='word_1_25' title='bbox 87 288 122 339; x_wconf 91' lang='lat' dir='ltr'><strong>de</strong></span> <span class='ocrx_word' id='word_1_26' title='bbox 133 293 239 338; x_wconf 78' lang='lat' dir='ltr'><strong>nutura</strong></span> <span class='ocrx_word' id='word_1_27' title='bbox 252 286 376 352; x_wconf 78' lang='lat' dir='ltr'><strong>Deorum</strong></span> <span class='ocrx_word' id='word_1_28' title='bbox 386 287 531 355; x_wconf 82' lang='lat' dir='ltr'><strong>suspicari.</strong></span> <span class='ocrx_word' id='word_1_29' title='bbox 568 288 643 350; x_wconf 74' lang='lat' dir='ltr'><strong>unu</strong></span> <span class='ocrx_word' id='word_1_30' title='bbox 654 287 844 350; x_wconf 69' lang='lat' dir='ltr'><strong>Democritus,</strong></span> 
     </span>
     <span class='ocr_line' id='line_1_5' title="bbox 11 353 844 428; baseline -0.006 -17"><span class='ocrx_word' id='word_1_31' title='bbox 11 353 12 378; x_wconf 64' lang='lat'>¹</span> <span class='ocrx_word' id='word_1_32' title='bbox 34 358 81 428; x_wconf 90' lang='lat' dir='ltr'><strong>qui</strong></span> <span class='ocrx_word' id='word_1_33' title='bbox 92 364 152 408; x_wconf 88' lang='lat' dir='ltr'><strong>tum</strong></span> <span class='ocrx_word' id='word_1_34' title='bbox 161 357 301 423; x_wconf 81' lang='lat' dir='ltr'><strong>imagines</strong></span> <span class='ocrx_word' id='word_1_35' title='bbox 312 372 465 424; x_wconf 78' lang='lat' dir='ltr'><strong>eurumque</strong></span> <span class='ocrx_word' id='word_1_36' title='bbox 476 358 610 410; x_wconf 72' lang='lat' dir='ltr'><strong>circuitus</strong></span> <span class='ocrx_word' id='word_1_37' title='bbox 620 358 649 408; x_wconf 79' lang='lat' dir='ltr'><strong>is</strong></span> <span class='ocrx_word' id='word_1_38' title='bbox 660 356 783 408; x_wconf 81' lang='lat' dir='ltr'><strong>Deorum</strong></span> <span class='ocrx_word' id='word_1_39' title='bbox 795 370 844 406; x_wconf 87' lang='lat' dir='ltr'><strong>nu·</strong></span> 
     </span>
     <span class='ocr_line' id='line_1_6' title="bbox 31 422 845 495; baseline -0.006 -14"><span class='ocrx_word' id='word_1_40' title='bbox 31 443 110 481; x_wconf 87' lang='lat' dir='ltr'><strong>meru</strong></span> <span class='ocrx_word' id='word_1_41' title='bbox 122 425 226 489; x_wconf 86' lang='lat' dir='ltr'><strong>reiert,</strong></span> <span class='ocrx_word' id='word_1_42' title='bbox 246 432 305 477; x_wconf 87' lang='lat' dir='ltr'><strong>tum</strong></span> <span class='ocrx_word' id='word_1_43' title='bbox 316 422 395 477; x_wconf 74' lang='lat' dir='ltr'><strong>illum</strong></span> <span class='ocrx_word' id='word_1_44' title='bbox 406 431 542 489; x_wconf 73' lang='lat' dir='ltr'><strong>numum,</strong></span> <span class='ocrx_word' id='word_1_45' title='bbox 556 443 627 495; x_wconf 77' lang='lat' dir='ltr'><strong>quae</strong></span> <span class='ocrx_word' id='word_1_46' title='bbox 637 426 773 494; x_wconf 65' lang='lat' dir='ltr'><strong>imagines</strong></span> <span class='ocrx_word' id='word_1_47' title='bbox 784 423 845 476; x_wconf 79' lang='lat' dir='ltr'><strong>lun·</strong></span> 
     </span>
     <span class='ocr_line' id='line_1_7' title="bbox 11 489 844 564; baseline -0.011 -10"><span class='ocrx_word' id='word_1_48' title='bbox 11 537 12 554; x_wconf 42' lang='lat' dir='ltr'><strong>r</strong></span> <span class='ocrx_word' id='word_1_49' title='bbox 32 497 83 552; x_wconf 77' lang='lat' dir='ltr'><strong>eat</strong></span> <span class='ocrx_word' id='word_1_50' title='bbox 96 512 130 548; x_wconf 84' lang='lat' dir='ltr'><strong>ee</strong></span> <span class='ocrx_word' id='word_1_51' title='bbox 144 496 252 560; x_wconf 80' lang='lat' dir='ltr'><strong>mittet,</strong></span> <span class='ocrx_word' id='word_1_52' title='bbox 271 501 333 549; x_wconf 87' lang='lat' dir='ltr'><strong>tum</strong></span> <span class='ocrx_word' id='word_1_53' title='bbox 347 489 496 548; x_wconf 80' lang='lat' dir='ltr'><strong>scientiam</strong></span> <span class='ocrx_word' id='word_1_54' title='bbox 512 497 785 564; x_wconf 71' lang='lat' dir='ltr'><strong>intelligentiamque</strong></span> <span class='ocrx_word' id='word_1_55' title='bbox 797 507 844 545; x_wconf 87' lang='lat' dir='ltr'><strong>no·</strong></span> 
     </span>
     <span class='ocr_line' id='line_1_8' title="bbox 11 562 844 627; baseline -0.007 -7"><span class='ocrx_word' id='word_1_56' title='bbox 11 601 12 620; x_wconf 42' lang='lat' dir='ltr'><strong>r</strong></span> <span class='ocrx_word' id='word_1_57' title='bbox 31 574 129 627; x_wconf 82' lang='lat' dir='ltr'><strong>stram,</strong></span> <span class='ocrx_word' id='word_1_58' title='bbox 141 580 234 618; x_wconf 85' lang='lat' dir='ltr'><strong>nonne</strong></span> <span class='ocrx_word' id='word_1_59' title='bbox 242 564 274 616; x_wconf 88' lang='lat' dir='ltr'><strong>in</strong></span> <span class='ocrx_word' id='word_1_60' title='bbox 285 564 408 616; x_wconf 76' lang='lat' dir='ltr'><strong>maximo</strong></span> <span class='ocrx_word' id='word_1_61' title='bbox 414 579 508 618; x_wconf 84' lang='lat' dir='ltr'><strong>errore</strong></span> <span class='ocrx_word' id='word_1_62' title='bbox 514 565 657 618; x_wconf 73' lang='lat' dir='ltr'><strong>venaturi</strong></span> <span class='ocrx_word' id='word_1_63' title='bbox 668 566 759 627; x_wconf 75' lang='lat' dir='ltr'><strong>Quum</strong></span> <span class='ocrx_word' id='word_1_64' title='bbox 769 562 844 615; x_wconf 75' lang='lat' dir='ltr'><strong>iden</strong></span> 
     </span>
     <span class='ocr_line' id='line_1_9' title="bbox 11 623 845 699; baseline -0.004 -11"><span class='ocrx_word' id='word_1_65' title='bbox 11 623 12 694; x_wconf 75' lang='lat' dir='ltr'><strong>l</strong></span> <span class='ocrx_word' id='word_1_66' title='bbox 32 636 165 695; x_wconf 89' lang='lat' dir='ltr'><strong>omnino,</strong></span> <span class='ocrx_word' id='word_1_67' title='bbox 183 632 252 699; x_wconf 84' lang='lat' dir='ltr'><strong>quin</strong></span> <span class='ocrx_word' id='word_1_68' title='bbox 261 630 331 683; x_wconf 80' lang='lat' dir='ltr'>nihil</span> <span class='ocrx_word' id='word_1_69' title='bbox 342 648 451 697; x_wconf 83' lang='lat' dir='ltr'><strong>semper</strong></span> <span class='ocrx_word' id='word_1_70' title='bbox 461 648 513 686; x_wconf 87' lang='lat' dir='ltr'><strong>suo</strong></span> <span class='ocrx_word' id='word_1_71' title='bbox 524 641 602 687; x_wconf 77' lang='lat' dir='ltr'><strong>statu</strong></span> <span class='ocrx_word' id='word_1_72' title='bbox 614 641 741 696; x_wconf 73' lang='lat' dir='ltr'><strong>moneat,</strong></span> <span class='ocrx_word' id='word_1_73' title='bbox 760 638 845 698; x_wconf 75' lang='lat' dir='ltr'><strong>neget</strong></span> 
     </span>
     <span class='ocr_line' id='line_1_10' title="bbox 11 700 845 769; baseline -0.005 -12"><span class='ocrx_word' id='word_1_74' title='bbox 11 757 12 762; x_wconf 70' lang='grc'>,</span> <span class='ocrx_word' id='word_1_75' title='bbox 34 718 97 758; x_wconf 83' lang='lat' dir='ltr'><strong>esse</strong></span> <span class='ocrx_word' id='word_1_76' title='bbox 112 701 266 769; x_wconf 75' lang='lat' dir='ltr'><strong>quidquam</strong></span> <span class='ocrx_word' id='word_1_77' title='bbox 286 700 501 765; x_wconf 74' lang='lat' dir='ltr'><strong>sempiternum:</strong></span> <span class='ocrx_word' id='word_1_78' title='bbox 521 717 613 755; x_wconf 87' lang='lat' dir='ltr'><strong>nonne</strong></span> <span class='ocrx_word' id='word_1_79' title='bbox 623 703 714 755; x_wconf 85' lang='lat' dir='ltr'><strong>Deum</strong></span> <span class='ocrx_word' id='word_1_80' title='bbox 730 703 845 754; x_wconf 79' lang='lat' dir='ltr'><strong>omnino</strong></span> 
     </span>
     <span class='ocr_line' id='line_1_11' title="bbox 32 768 845 839; baseline -0.005 -13"><span class='ocrx_word' id='word_1_81' title='bbox 32 775 79 827; x_wconf 84' lang='lat' dir='ltr'><strong>ita</strong></span> <span class='ocrx_word' id='word_1_82' title='bbox 88 771 174 833; x_wconf 79' lang='lat' dir='ltr'><strong>tellit,</strong></span> <span class='ocrx_word' id='word_1_83' title='bbox 189 777 221 821; x_wconf 86' lang='lat' dir='ltr'><strong>ut</strong></span> <span class='ocrx_word' id='word_1_84' title='bbox 232 768 339 820; x_wconf 82' lang='lat' dir='ltr'><strong>nullam</strong></span> <span class='ocrx_word' id='word_1_85' title='bbox 351 771 511 836; x_wconf 83' lang='lat' dir='ltr'><strong>opinionem</strong></span> <span class='ocrx_word' id='word_1_86' title='bbox 521 771 581 823; x_wconf 85' lang='lat' dir='ltr'><strong>eius</strong></span> <span class='ocrx_word' id='word_1_87' title='bbox 591 771 730 839; x_wconf 74' lang='lat' dir='ltr'><strong>reliquum</strong></span> <span class='ocrx_word' id='word_1_88' title='bbox 741 768 845 823; x_wconf 77' lang='lat' dir='ltr'><strong>loeiutl</strong></span> 
     </span>
     <span class='ocr_line' id='line_1_12' title="bbox 28 835 846 907; baseline -0.001 -14"><span class='ocrx_word' id='word_1_89' title='bbox 28 842 112 905; x_wconf 74' lang='lat' dir='ltr'><strong>&#39;Quid</strong></span> <span class='ocrx_word' id='word_1_90' title='bbox 130 844 189 903; x_wconf 74' lang='lat' dir='ltr'><strong>eir,</strong></span> <span class='ocrx_word' id='word_1_91' title='bbox 216 853 272 906; x_wconf 90' lang='lat' dir='ltr'><strong>quo</strong></span> <span class='ocrx_word' id='word_1_92' title='bbox 291 835 434 907; x_wconf 81' lang='lat' dir='ltr'><strong>Diogenes</strong></span> <span class='ocrx_word' id='word_1_93' title='bbox 453 838 646 906; x_wconf 67' lang='lat' dir='ltr'><strong>Apolloniates</strong></span> <span class='ocrx_word' id='word_1_94' title='bbox 665 844 754 893; x_wconf 84' lang='lat' dir='ltr'><strong>utitur</strong></span> <span class='ocrx_word' id='word_1_95' title='bbox 773 840 846 903; x_wconf 77' lang='lat' dir='ltr'><strong>neo,</strong></span> 
     </span>
     <span class='ocr_line' id='line_1_13' title="bbox 11 897 844 980; baseline -0.002 -17"><span class='ocrx_word' id='word_1_96' title='bbox 11 897 14 924; x_wconf 81' lang='lat'><strong>¹</strong></span> <span class='ocrx_word' id='word_1_97' title='bbox 32 928 118 980; x_wconf 88' lang='lat' dir='ltr'><strong>quem</strong></span> <span class='ocrx_word' id='word_1_98' title='bbox 128 923 243 963; x_wconf 84' lang='lat' dir='ltr'><strong>sensum</strong></span> <span class='ocrx_word' id='word_1_99' title='bbox 253 904 356 960; x_wconf 78' lang='lat' dir='ltr'><strong>habere</strong></span> <span class='ocrx_word' id='word_1_100' title='bbox 367 913 468 975; x_wconf 81' lang='lat' dir='ltr'><strong>potest,</strong></span> <span class='ocrx_word' id='word_1_101' title='bbox 490 915 540 960; x_wconf 82' lang='lat' dir='ltr'><strong>eut</strong></span> <span class='ocrx_word' id='word_1_102' title='bbox 550 925 632 976; x_wconf 78' lang='lat' dir='ltr'><strong>quem</strong></span> <span class='ocrx_word' id='word_1_103' title='bbox 643 908 762 962; x_wconf 79' lang='lat' dir='ltr'><strong>formem</strong></span> <span class='ocrx_word' id='word_1_104' title='bbox 773 907 844 962; x_wconf 84' lang='lat' dir='ltr'><strong>Deil</strong></span> 
     </span>
     <span class='ocr_line' id='line_1_14' title="bbox 29 977 845 1046; baseline 0.001 -15"><span class='ocrx_word' id='word_1_105' title='bbox 29 982 75 1036; x_wconf 78' lang='lat'><strong>30.</strong></span> <span class='ocrx_word' id='word_1_106' title='bbox 92 982 156 1031; x_wconf 80' lang='lat' dir='ltr'><strong>lam</strong></span> <span class='ocrx_word' id='word_1_107' title='bbox 167 979 203 1034; x_wconf 82' lang='lat' dir='ltr'><strong>de</strong></span> <span class='ocrx_word' id='word_1_108' title='bbox 212 977 339 1031; x_wconf 82' lang='lat' dir='ltr'><strong>Platonis</strong></span> <span class='ocrx_word' id='word_1_109' title='bbox 354 978 543 1030; x_wconf 81' lang='lat' dir='ltr'><strong>inconstantia</strong></span> <span class='ocrx_word' id='word_1_110' title='bbox 556 977 670 1046; x_wconf 77' lang='lat' dir='ltr'><strong>longum</strong></span> <span class='ocrx_word' id='word_1_111' title='bbox 682 986 726 1033; x_wconf 77' lang='lat' dir='ltr'><strong>est</strong></span> <span class='ocrx_word' id='word_1_112' title='bbox 736 978 845 1042; x_wconf 67' lang='lat' dir='ltr'><strong>dieenea</strong></span> 
     </span>
     <span class='ocr_line' id='line_1_15' title="bbox 11 1039 845 1121; baseline 0 -19"><span class='ocrx_word' id='word_1_113' title='bbox 11 1039 13 1078; x_wconf 62' lang='lat' dir='ltr'><strong>l</strong></span> <span class='ocrx_word' id='word_1_114' title='bbox 29 1050 126 1121; x_wconf 88' lang='lat' dir='ltr'><strong>quiin</strong></span> <span class='ocrx_word' id='word_1_115' title='bbox 136 1048 265 1111; x_wconf 74' lang='lat' dir='ltr'><strong>Timaeo,</strong></span> <span class='ocrx_word' id='word_1_116' title='bbox 285 1053 396 1114; x_wconf 82' lang='lat' dir='ltr'><strong>partem</strong></span> <span class='ocrx_word' id='word_1_117' title='bbox 411 1043 492 1100; x_wconf 74' lang='lat' dir='ltr'><strong>huiru</strong></span> <span class='ocrx_word' id='word_1_118' title='bbox 502 1048 599 1099; x_wconf 74' lang='lat' dir='ltr'><strong>nundi</strong></span> <span class='ocrx_word' id='word_1_119' title='bbox 612 1048 751 1102; x_wconf 66' lang='lat' dir='ltr'><strong>nominari</strong></span> <span class='ocrx_word' id='word_1_120' title='bbox 761 1054 845 1117; x_wconf 74' lang='lat' dir='ltr'><strong>neget</strong></span> 
     </span>
     <span class='ocr_line' id='line_1_16' title="bbox 11 1085 847 1189; baseline -0.001 -17"><span class='ocrx_word' id='word_1_121' title='bbox 11 1085 13 1184; x_wconf 65' lang='lat' dir='ltr'><strong>l</strong></span> <span class='ocrx_word' id='word_1_122' title='bbox 27 1135 131 1189; x_wconf 81' lang='lat' dir='ltr'><strong>posse:</strong></span> <span class='ocrx_word' id='word_1_123' title='bbox 153 1118 184 1169; x_wconf 88' lang='lat' dir='ltr'><strong>in</strong></span> <span class='ocrx_word' id='word_1_124' title='bbox 194 1114 286 1184; x_wconf 76' lang='lat' dir='ltr'><strong>legum</strong></span> <span class='ocrx_word' id='word_1_125' title='bbox 297 1123 391 1169; x_wconf 84' lang='lat' dir='ltr'><strong>nutem</strong></span> <span class='ocrx_word' id='word_1_126' title='bbox 401 1113 495 1181; x_wconf 86' lang='lat' dir='ltr'><strong>libris,</strong></span> <span class='ocrx_word' id='word_1_127' title='bbox 513 1117 579 1184; x_wconf 81' lang='lat' dir='ltr'><strong>quid</strong></span> <span class='ocrx_word' id='word_1_128' title='bbox 589 1118 626 1170; x_wconf 91' lang='lat' dir='ltr'><strong>sit</strong></span> <span class='ocrx_word' id='word_1_129' title='bbox 636 1120 748 1170; x_wconf 80' lang='lat' dir='ltr'><strong>omnino</strong></span> <span class='ocrx_word' id='word_1_130' title='bbox 759 1117 847 1182; x_wconf 87' lang='lat' dir='ltr'><strong>Deus,</strong></span> 
     </span>
     <span class='ocr_line' id='line_1_17' title="bbox 11 1186 845 1268; baseline -0.005 -24"><span class='ocrx_word' id='word_1_131' title='bbox 11 1193 13 1268; x_wconf 65' lang='lat' dir='ltr'><strong>l</strong></span> <span class='ocrx_word' id='word_1_132' title='bbox 29 1186 148 1257; x_wconf 77' lang='lat' dir='ltr'><strong>anquiri</strong></span> <span class='ocrx_word' id='word_1_133' title='bbox 165 1192 295 1253; x_wconf 88' lang='lat' dir='ltr'><strong>oportere</strong></span> <span class='ocrx_word' id='word_1_134' title='bbox 310 1202 366 1239; x_wconf 92' lang='lat' dir='ltr'><strong>non</strong></span> <span class='ocrx_word' id='word_1_135' title='bbox 381 1192 502 1240; x_wconf 80' lang='lat' dir='ltr'><strong>censeat.</strong></span> <span class='ocrx_word' id='word_1_136' title='bbox 539 1187 620 1250; x_wconf 81' lang='lat' dir='ltr'><strong>Quod</strong></span> <span class='ocrx_word' id='word_1_137' title='bbox 635 1204 702 1241; x_wconf 76' lang='lat' dir='ltr'><strong>vero</strong></span> <span class='ocrx_word' id='word_1_138' title='bbox 712 1190 772 1240; x_wconf 85' lang='lat' dir='ltr'><strong>sine</strong></span> <span class='ocrx_word' id='word_1_139' title='bbox 785 1203 845 1240; x_wconf 77' lang='lat' dir='ltr'><strong>oos-</strong></span> 
     </span>
     <span class='ocr_line' id='line_1_18' title="bbox 29 1253 846 1331; baseline -0.011 -17"><span class='ocrx_word' id='word_1_140' title='bbox 29 1275 100 1331; x_wconf 87' lang='lat' dir='ltr'><strong>pere</strong></span> <span class='ocrx_word' id='word_1_141' title='bbox 111 1257 176 1309; x_wconf 92' lang='lat' dir='ltr'><strong>ullo</strong></span> <span class='ocrx_word' id='word_1_142' title='bbox 186 1257 277 1308; x_wconf 84' lang='lat' dir='ltr'><strong>Deum</strong></span> <span class='ocrx_word' id='word_1_143' title='bbox 287 1256 346 1308; x_wconf 85' lang='lat' dir='ltr'><strong>vult</strong></span> <span class='ocrx_word' id='word_1_144' title='bbox 358 1272 433 1320; x_wconf 85' lang='lat' dir='ltr'><strong>esse,</strong></span> <span class='ocrx_word' id='word_1_145' title='bbox 452 1263 484 1308; x_wconf 88' lang='lat' dir='ltr'><strong>nt</strong></span> <span class='ocrx_word' id='word_1_146' title='bbox 495 1256 598 1309; x_wconf 80' lang='lat' dir='ltr'><strong>Graeci</strong></span> <span class='ocrx_word' id='word_1_147' title='bbox 607 1259 717 1322; x_wconf 82' lang='lat' dir='ltr'><strong>dieunt,</strong></span> <span class='ocrx_word' id='word_1_148' title='bbox 737 1253 846 1323; x_wconf 70' lang='lat' dir='ltr'><strong>insipe-</strong></span> 
     </span>
     <span class='ocr_line' id='line_1_19' title="bbox 29 1326 846 1395; baseline -0.001 -16"><span class='ocrx_word' id='word_1_149' title='bbox 29 1347 91 1394; x_wconf 69' lang='grc' dir='ltr'><strong>τονς</strong></span> <span class='ocrx_word' id='word_1_150' title='bbox 102 1327 136 1379; x_wconf 77' lang='lat' dir='ltr'><strong>iel</strong></span> <span class='ocrx_word' id='word_1_151' title='bbox 148 1326 236 1393; x_wconf 76' lang='lat' dir='ltr'><strong>quale</strong></span> <span class='ocrx_word' id='word_1_152' title='bbox 244 1340 303 1379; x_wconf 88' lang='lat' dir='ltr'><strong>esse</strong></span> <span class='ocrx_word' id='word_1_153' title='bbox 312 1327 412 1394; x_wconf 88' lang='lat' dir='ltr'><strong>possit,</strong></span> <span class='ocrx_word' id='word_1_154' title='bbox 423 1326 548 1394; x_wconf 81' lang='lat' dir='ltr'><strong>intelligi</strong></span> <span class='ocrx_word' id='word_1_155' title='bbox 558 1343 613 1379; x_wconf 89' lang='lat' dir='ltr'><strong>non</strong></span> <span class='ocrx_word' id='word_1_156' title='bbox 623 1333 726 1395; x_wconf 82' lang='lat' dir='ltr'><strong>potest.</strong></span> <span class='ocrx_word' id='word_1_157' title='bbox 743 1326 846 1378; x_wconf 74' lang='lat' dir='ltr'><strong>eneas</strong></span> 
     </span>
     <span class='ocr_line' id='line_1_20' title="bbox 11 1396 845 1463; baseline -0.005 -12"><span class='ocrx_word' id='word_1_158' title='bbox 11 1455 12 1458; x_wconf 8' lang='grc' dir='ltr'><strong>Ἴ</strong></span> <span class='ocrx_word' id='word_1_159' title='bbox 30 1398 106 1451; x_wconf 89' lang='lat' dir='ltr'><strong>enim</strong></span> <span class='ocrx_word' id='word_1_160' title='bbox 118 1411 218 1458; x_wconf 83' lang='lat' dir='ltr'><strong>sensu,</strong></span> <span class='ocrx_word' id='word_1_161' title='bbox 232 1411 341 1448; x_wconf 86' lang='lat' dir='ltr'><strong>neeesse</strong></span> <span class='ocrx_word' id='word_1_162' title='bbox 351 1402 405 1459; x_wconf 89' lang='lat' dir='ltr'><strong>est,</strong></span> <span class='ocrx_word' id='word_1_163' title='bbox 422 1396 613 1449; x_wconf 72' lang='lat' dir='ltr'><strong>montelium</strong></span> <span class='ocrx_word' id='word_1_164' title='bbox 628 1396 787 1463; x_wconf 78' lang='lat' dir='ltr'><strong>prudentio,</strong></span> <span class='ocrx_word' id='word_1_165' title='bbox 801 1410 845 1447; x_wconf 82' lang='lat' dir='ltr'><strong>cn·</strong></span> 
     </span>
     <span class='ocr_line' id='line_1_21' title="bbox 29 1465 845 1534; baseline -0.005 -14"><span class='ocrx_word' id='word_1_166' title='bbox 29 1476 92 1522; x_wconf 81' lang='lat' dir='ltr'><strong>rent</strong></span> <span class='ocrx_word' id='word_1_167' title='bbox 107 1465 274 1533; x_wconf 74' lang='lat' dir='ltr'><strong>uoluptate:</strong></span> <span class='ocrx_word' id='word_1_168' title='bbox 295 1481 365 1534; x_wconf 83' lang='lat' dir='ltr'><strong>quae</strong></span> <span class='ocrx_word' id='word_1_169' title='bbox 376 1465 470 1519; x_wconf 81' lang='lat' dir='ltr'><strong>omniu</strong></span> <span class='ocrx_word' id='word_1_170' title='bbox 479 1482 535 1519; x_wconf 81' lang='lat' dir='ltr'><strong>une</strong></span> <span class='ocrx_word' id='word_1_171' title='bbox 544 1483 605 1519; x_wconf 86' lang='lat' dir='ltr'><strong>oum</strong></span> <span class='ocrx_word' id='word_1_172' title='bbox 616 1466 740 1521; x_wconf 81' lang='lat' dir='ltr'><strong>Deorum</strong></span> <span class='ocrx_word' id='word_1_173' title='bbox 752 1465 845 1517; x_wconf 83' lang='lat' dir='ltr'><strong>notio·</strong></span> 
     </span>
     <span class='ocr_line' id='line_1_22' title="bbox 29 1533 846 1605; baseline 0 -17"><span class='ocrx_word' id='word_1_174' title='bbox 29 1553 64 1590; x_wconf 91' lang='lat' dir='ltr'><strong>ne</strong></span> <span class='ocrx_word' id='word_1_175' title='bbox 77 1533 355 1605; x_wconf 85' lang='lat' dir='ltr'><strong>comprehendimus.</strong></span> <span class='ocrx_word' id='word_1_176' title='bbox 390 1535 468 1590; x_wconf 84' lang='lat' dir='ltr'><strong>idem</strong></span> <span class='ocrx_word' id='word_1_177' title='bbox 478 1536 547 1588; x_wconf 84' lang='lat' dir='ltr'><strong>etin</strong></span> <span class='ocrx_word' id='word_1_178' title='bbox 557 1537 676 1589; x_wconf 80' lang='lat' dir='ltr'><strong>Timaeo</strong></span> <span class='ocrx_word' id='word_1_179' title='bbox 686 1536 765 1598; x_wconf 81' lang='lat' dir='ltr'><strong>dicit,</strong></span> <span class='ocrx_word' id='word_1_180' title='bbox 777 1543 805 1588; x_wconf 87' lang='lat' dir='ltr'><strong>et</strong></span> <span class='ocrx_word' id='word_1_181' title='bbox 815 1534 846 1588; x_wconf 80' lang='lat' dir='ltr'><strong>ln</strong></span> 
     </span>
     <span class='ocr_line' id='line_1_23' title="bbox 28 1602 846 1674; baseline -0.005 -16"><span class='ocrx_word' id='word_1_182' title='bbox 28 1605 150 1674; x_wconf 82' lang='lat' dir='ltr'><strong>legibus,</strong></span> <span class='ocrx_word' id='word_1_183' title='bbox 166 1602 344 1659; x_wconf 76' lang='lat' dir='ltr'><strong>otmundum</strong></span> <span class='ocrx_word' id='word_1_184' title='bbox 354 1604 443 1658; x_wconf 85' lang='lat' dir='ltr'><strong>Deum</strong></span> <span class='ocrx_word' id='word_1_185' title='bbox 454 1621 526 1669; x_wconf 85' lang='lat' dir='ltr'><strong>esse,</strong></span> <span class='ocrx_word' id='word_1_186' title='bbox 542 1606 704 1667; x_wconf 75' lang='lat' dir='ltr'><strong>stenelum,</strong></span> <span class='ocrx_word' id='word_1_187' title='bbox 719 1611 749 1657; x_wconf 84' lang='lat' dir='ltr'><strong>et</strong></span> <span class='ocrx_word' id='word_1_188' title='bbox 759 1611 846 1667; x_wconf 78' lang='lat' dir='ltr'><strong>estre,</strong></span> 
     </span>
     <span class='ocr_line' id='line_1_24' title="bbox 29 1673 845 1743; baseline -0.002 -16"><span class='ocrx_word' id='word_1_189' title='bbox 29 1682 62 1728; x_wconf 87' lang='lat' dir='ltr'><strong>et</strong></span> <span class='ocrx_word' id='word_1_190' title='bbox 72 1683 186 1739; x_wconf 85' lang='lat' dir='ltr'><strong>terram,</strong></span> <span class='ocrx_word' id='word_1_191' title='bbox 199 1679 230 1727; x_wconf 83' lang='lat' dir='ltr'><strong>et</strong></span> <span class='ocrx_word' id='word_1_192' title='bbox 242 1673 359 1735; x_wconf 78' lang='lat' dir='ltr'><strong>animos,</strong></span> <span class='ocrx_word' id='word_1_193' title='bbox 371 1682 468 1739; x_wconf 81' lang='lat' dir='ltr'><strong>etone,</strong></span> <span class='ocrx_word' id='word_1_194' title='bbox 479 1690 549 1743; x_wconf 86' lang='lat' dir='ltr'><strong>quos</strong></span> <span class='ocrx_word' id='word_1_195' title='bbox 560 1673 845 1727; x_wconf 78' lang='lat' dir='ltr'><strong>maioruminstitutis</strong></span> 
     </span>
     <span class='ocr_line' id='line_1_25' title="bbox 29 1743 845 1813; baseline 0 -17"><span class='ocrx_word' id='word_1_196' title='bbox 29 1747 205 1812; x_wconf 79' lang='lat' dir='ltr'><strong>occepimus:</strong></span> <span class='ocrx_word' id='word_1_197' title='bbox 219 1758 292 1810; x_wconf 88' lang='lat' dir='ltr'><strong>quae</strong></span> <span class='ocrx_word' id='word_1_198' title='bbox 303 1748 332 1795; x_wconf 89' lang='lat' dir='ltr'><strong>et</strong></span> <span class='ocrx_word' id='word_1_199' title='bbox 342 1758 392 1811; x_wconf 87' lang='lat' dir='ltr'><strong>per</strong></span> <span class='ocrx_word' id='word_1_200' title='bbox 402 1762 432 1797; x_wconf 87' lang='lat' dir='ltr'><strong>se</strong></span> <span class='ocrx_word' id='word_1_201' title='bbox 440 1751 505 1796; x_wconf 90' lang='lat' dir='ltr'><strong>sunt</strong></span> <span class='ocrx_word' id='word_1_202' title='bbox 516 1743 590 1797; x_wconf 78' lang='lat' dir='ltr'><strong>falsa</strong></span> <span class='ocrx_word' id='word_1_203' title='bbox 598 1745 753 1813; x_wconf 84' lang='lat' dir='ltr'><strong>perspicue,</strong></span> <span class='ocrx_word' id='word_1_204' title='bbox 764 1751 793 1797; x_wconf 83' lang='lat' dir='ltr'><strong>et</strong></span> <span class='ocrx_word' id='word_1_205' title='bbox 802 1744 845 1796; x_wconf 85' lang='lat' dir='ltr'><strong>in·</strong></span> 
     </span>
     <span class='ocr_line' id='line_1_26' title="bbox 29 1809 845 1882; baseline 0.004 -16"><span class='ocrx_word' id='word_1_206' title='bbox 29 1820 75 1866; x_wconf 85' lang='lat' dir='ltr'><strong>ter</strong></span> <span class='ocrx_word' id='word_1_207' title='bbox 88 1831 151 1868; x_wconf 85' lang='lat' dir='ltr'><strong>sese</strong></span> <span class='ocrx_word' id='word_1_208' title='bbox 166 1809 350 1866; x_wconf 77' lang='lat' dir='ltr'><strong>vehementer</strong></span> <span class='ocrx_word' id='word_1_209' title='bbox 365 1813 559 1882; x_wconf 73' lang='lat' dir='ltr'><strong>repugnantia.</strong></span> <span class='ocrx_word' id='word_1_210' title='bbox 596 1813 640 1868; x_wconf 81' lang='lat'><strong>31.</strong></span> <span class='ocrx_word' id='word_1_211' title='bbox 657 1817 746 1882; x_wconf 80' lang='lat' dir='ltr'><strong>Atque</strong></span> <span class='ocrx_word' id='word_1_212' title='bbox 757 1815 845 1869; x_wconf 80' lang='lat' dir='ltr'><strong>etium</strong></span> 
     </span>
     <span class='ocr_line' id='line_1_27' title="bbox 27 1881 845 1951; baseline 0.001 -15"><span class='ocrx_word' id='word_1_213' title='bbox 27 1882 189 1950; x_wconf 80' lang='lat' dir='ltr'><strong>Xenophon</strong></span> <span class='ocrx_word' id='word_1_214' title='bbox 200 1881 383 1950; x_wconf 76' lang='lat' dir='ltr'><strong>paucioribus</strong></span> <span class='ocrx_word' id='word_1_215' title='bbox 392 1885 485 1936; x_wconf 79' lang='lat' dir='ltr'><strong>verbis</strong></span> <span class='ocrx_word' id='word_1_216' title='bbox 495 1882 593 1937; x_wconf 84' lang='lat' dir='ltr'><strong>eadem</strong></span> <span class='ocrx_word' id='word_1_217' title='bbox 602 1883 663 1938; x_wconf 81' lang='lat' dir='ltr'><strong>iere</strong></span> <span class='ocrx_word' id='word_1_218' title='bbox 673 1892 779 1951; x_wconf 81' lang='lat' dir='ltr'><strong>peceat.</strong></span> <span class='ocrx_word' id='word_1_219' title='bbox 791 1886 845 1938; x_wconf 77' lang='lat' dir='ltr'><strong>lio·</strong></span> 
     </span>
     <span class='ocr_line' id='line_1_28' title="bbox 28 1950 844 2019; baseline 0.002 -13"><span class='ocrx_word' id='word_1_220' title='bbox 28 1952 69 2006; x_wconf 79' lang='lat' dir='ltr'><strong>cit</strong></span> <span class='ocrx_word' id='word_1_221' title='bbox 79 1955 156 2006; x_wconf 79' lang='lat' dir='ltr'><strong>eninr</strong></span> <span class='ocrx_word' id='word_1_222' title='bbox 169 1954 201 2004; x_wconf 90' lang='lat' dir='ltr'><strong>in</strong></span> <span class='ocrx_word' id='word_1_223' title='bbox 213 1952 265 2015; x_wconf 80' lang='lat' dir='ltr'><strong>iis,</strong></span> <span class='ocrx_word' id='word_1_224' title='bbox 285 1966 357 2019; x_wconf 83' lang='lat' dir='ltr'><strong>quae</strong></span> <span class='ocrx_word' id='word_1_225' title='bbox 368 1970 385 2005; x_wconf 85' lang='lat' dir='ltr'><strong>u</strong></span> <span class='ocrx_word' id='word_1_226' title='bbox 397 1950 513 2006; x_wconf 80' lang='lat' dir='ltr'><strong>Socrate</strong></span> <span class='ocrx_word' id='word_1_227' title='bbox 523 1954 600 2006; x_wconf 83' lang='lat' dir='ltr'><strong>dictu</strong></span> <span class='ocrx_word' id='word_1_228' title='bbox 614 1955 726 2019; x_wconf 84' lang='lat' dir='ltr'><strong>retulit,</strong></span> <span class='ocrx_word' id='word_1_229' title='bbox 745 1955 844 2008; x_wconf 72' lang='lat' dir='ltr'><strong>Serm-</strong></span> 
     </span>
    </p>
   </div>
   <div class='ocr_carea' id='block_1_3' title="bbox 27 2020 928 2092">
    <p class='ocr_par' dir='ltr' id='par_1_3' title="bbox 27 2020 928 2092">
     <span class='ocr_line' id='line_1_29' title="bbox 27 2020 928 2092; baseline 0.001 -17"><span class='ocrx_word' id='word_1_230' title='bbox 27 2030 86 2075; x_wconf 89' lang='lat' dir='ltr'><strong>te1u</strong></span> <span class='ocrx_word' id='word_1_231' title='bbox 97 2023 308 2089; x_wconf 79' lang='lat' dir='ltr'><strong>disputantem,</strong></span> <span class='ocrx_word' id='word_1_232' title='bbox 328 2020 447 2075; x_wconf 77' lang='lat' dir='ltr'><strong>formem</strong></span> <span class='ocrx_word' id='word_1_233' title='bbox 456 2021 513 2075; x_wconf 87' lang='lat' dir='ltr'><strong>Dei</strong></span> <span class='ocrx_word' id='word_1_234' title='bbox 524 2023 621 2090; x_wconf 79' lang='lat' dir='ltr'><strong>quaeri</strong></span> <span class='ocrx_word' id='word_1_235' title='bbox 631 2039 686 2077; x_wconf 88' lang='lat' dir='ltr'><strong>non</strong></span> <span class='ocrx_word' id='word_1_236' title='bbox 698 2033 842 2092; x_wconf 83' lang='lat' dir='ltr'><strong>oportere:</strong></span> <span class='ocrx_word' id='word_1_237' title='bbox 923 2042 928 2047; x_wconf 93' lang='lat'>·</span> 
     </span>
    </p>
   </div>
   <div class='ocr_carea' id='block_1_4' title="bbox 11 2089 845 2649">
    <p class='ocr_par' dir='ltr' id='par_1_4' title="bbox 11 2089 845 2649">
     <span class='ocr_line' id='line_1_30' title="bbox 11 2089 844 2158; baseline 0.002 -13"><span class='ocrx_word' id='word_1_238' title='bbox 11 2091 216 2158; x_wconf 82' lang='lat' dir='ltr'><strong>eumdemque</strong></span> <span class='ocrx_word' id='word_1_239' title='bbox 237 2097 266 2142; x_wconf 87' lang='lat' dir='ltr'><strong>et</strong></span> <span class='ocrx_word' id='word_1_240' title='bbox 284 2089 374 2144; x_wconf 85' lang='lat' dir='ltr'><strong>solem</strong></span> <span class='ocrx_word' id='word_1_241' title='bbox 394 2098 423 2146; x_wconf 80' lang='lat' dir='ltr'><strong>et</strong></span> <span class='ocrx_word' id='word_1_242' title='bbox 443 2094 565 2144; x_wconf 85' lang='lat' dir='ltr'><strong>animum</strong></span> <span class='ocrx_word' id='word_1_243' title='bbox 580 2094 670 2146; x_wconf 90' lang='lat' dir='ltr'><strong>Deum</strong></span> <span class='ocrx_word' id='word_1_244' title='bbox 686 2095 791 2149; x_wconf 79' lang='lat' dir='ltr'><strong>dicere:</strong></span> <span class='ocrx_word' id='word_1_245' title='bbox 813 2102 844 2147; x_wconf 70' lang='lat' dir='ltr'><strong>et</strong></span> 
     </span>
     <span class='ocr_line' id='line_1_31' title="bbox 11 2161 843 2227; baseline 0.001 -12"><span class='ocrx_word' id='word_1_246' title='bbox 11 2192 13 2195; x_wconf 84' lang='grc'><em>·</em></span> <span class='ocrx_word' id='word_1_247' title='bbox 25 2161 117 2215; x_wconf 77' lang='lat' dir='ltr'><strong>modo</strong></span> <span class='ocrx_word' id='word_1_248' title='bbox 128 2176 223 2222; x_wconf 87' lang='lat' dir='ltr'><strong>unum,</strong></span> <span class='ocrx_word' id='word_1_249' title='bbox 232 2165 291 2211; x_wconf 85' lang='lat' dir='ltr'><strong>tum</strong></span> <span class='ocrx_word' id='word_1_250' title='bbox 302 2168 396 2213; x_wconf 79' lang='lat' dir='ltr'><strong>autern</strong></span> <span class='ocrx_word' id='word_1_251' title='bbox 406 2161 500 2227; x_wconf 85' lang='lat' dir='ltr'><strong>plures</strong></span> <span class='ocrx_word' id='word_1_252' title='bbox 509 2162 595 2217; x_wconf 88' lang='lat' dir='ltr'><strong>Deos.</strong></span> <span class='ocrx_word' id='word_1_253' title='bbox 632 2163 710 2225; x_wconf 75' lang='lat' dir='ltr'><strong>Quae</strong></span> <span class='ocrx_word' id='word_1_254' title='bbox 719 2172 784 2219; x_wconf 90' lang='lat' dir='ltr'><strong>sunt</strong></span> <span class='ocrx_word' id='word_1_255' title='bbox 794 2166 843 2216; x_wconf 84' lang='lat' dir='ltr'><strong>iis·</strong></span> 
     </span>
     <span class='ocr_line' id='line_1_32' title="bbox 23 2230 843 2299; baseline 0.002 -15"><span class='ocrx_word' id='word_1_256' title='bbox 23 2231 97 2284; x_wconf 82' lang='lat' dir='ltr'><strong>elem</strong></span> <span class='ocrx_word' id='word_1_257' title='bbox 109 2230 142 2280; x_wconf 90' lang='lat' dir='ltr'><strong>in</strong></span> <span class='ocrx_word' id='word_1_258' title='bbox 153 2230 251 2281; x_wconf 81' lang='lat' dir='ltr'><strong>erratis</strong></span> <span class='ocrx_word' id='word_1_259' title='bbox 261 2231 329 2294; x_wconf 84' lang='lat' dir='ltr'><strong>fere,</strong></span> <span class='ocrx_word' id='word_1_260' title='bbox 350 2230 449 2298; x_wconf 89' lang='lat' dir='ltr'><strong>quibus</strong></span> <span class='ocrx_word' id='word_1_261' title='bbox 460 2247 502 2293; x_wconf 84' lang='lat' dir='ltr'><strong>ea,</strong></span> <span class='ocrx_word' id='word_1_262' title='bbox 520 2248 589 2299; x_wconf 88' lang='lat' dir='ltr'><strong>quae</strong></span> <span class='ocrx_word' id='word_1_263' title='bbox 601 2230 636 2285; x_wconf 87' lang='lat' dir='ltr'><strong>de</strong></span> <span class='ocrx_word' id='word_1_264' title='bbox 646 2233 763 2286; x_wconf 82' lang='lat' dir='ltr'><strong>Platone</strong></span> <span class='ocrx_word' id='word_1_265' title='bbox 775 2235 843 2286; x_wconf 81' lang='lat' dir='ltr'><strong>diei·</strong></span> 
     </span>
     <span class='ocr_line' id='line_1_33' title="bbox 23 2296 842 2366; baseline 0.004 -14"><span class='ocrx_word' id='word_1_266' title='bbox 23 2315 104 2352; x_wconf 78' lang='lat' dir='ltr'><strong>nius.</strong></span> <span class='ocrx_word' id='word_1_267' title='bbox 144 2296 218 2349; x_wconf 83' lang='lat' dir='ltr'><strong>Xlll.</strong></span> <span class='ocrx_word' id='word_1_268' title='bbox 232 2298 272 2352; x_wconf 82' lang='lat'><strong>32.</strong></span> <span class='ocrx_word' id='word_1_269' title='bbox 287 2301 378 2366; x_wconf 83' lang='lat' dir='ltr'><strong>Atque</strong></span> <span class='ocrx_word' id='word_1_270' title='bbox 389 2301 474 2353; x_wconf 78' lang='lat' dir='ltr'><strong>etiem</strong></span> <span class='ocrx_word' id='word_1_271' title='bbox 486 2299 663 2356; x_wconf 84' lang='lat' dir='ltr'><strong>Antisthenes</strong></span> <span class='ocrx_word' id='word_1_272' title='bbox 674 2304 703 2355; x_wconf 90' lang='lat' dir='ltr'><strong>in</strong></span> <span class='ocrx_word' id='word_1_273' title='bbox 715 2320 748 2357; x_wconf 91' lang='lat' dir='ltr'><strong>eo</strong></span> <span class='ocrx_word' id='word_1_274' title='bbox 759 2304 842 2366; x_wconf 84' lang='lat' dir='ltr'><strong>libro,</strong></span> 
     </span>
     <span class='ocr_line' id='line_1_34' title="bbox 23 2365 843 2439; baseline 0.004 -19"><span class='ocrx_word' id='word_1_275' title='bbox 23 2372 78 2439; x_wconf 87' lang='lat' dir='ltr'><strong>qni</strong></span> <span class='ocrx_word' id='word_1_276' title='bbox 88 2365 226 2436; x_wconf 77' lang='lat' dir='ltr'><strong>physicus</strong></span> <span class='ocrx_word' id='word_1_277' title='bbox 237 2370 410 2432; x_wconf 80' lang='lat' dir='ltr'><strong>inscribitur,</strong></span> <span class='ocrx_word' id='word_1_278' title='bbox 423 2370 574 2437; x_wconf 86' lang='lat' dir='ltr'><strong>populures</strong></span> <span class='ocrx_word' id='word_1_279' title='bbox 582 2371 659 2425; x_wconf 86' lang='lat' dir='ltr'><strong>Deos</strong></span> <span class='ocrx_word' id='word_1_280' title='bbox 670 2373 783 2433; x_wconf 89' lang='lat' dir='ltr'><strong>multos,</strong></span> <span class='ocrx_word' id='word_1_281' title='bbox 794 2389 843 2424; x_wconf 82' lang='lat' dir='ltr'><strong>nn·</strong></span> 
     </span>
     <span class='ocr_line' id='line_1_35' title="bbox 20 2438 843 2502; baseline -0.001 -11"><span class='ocrx_word' id='word_1_282' title='bbox 20 2440 152 2492; x_wconf 84' lang='lat' dir='ltr'><strong>turulern</strong></span> <span class='ocrx_word' id='word_1_283' title='bbox 165 2451 248 2488; x_wconf 86' lang='lat' dir='ltr'><strong>unum</strong></span> <span class='ocrx_word' id='word_1_284' title='bbox 258 2455 320 2490; x_wconf 86' lang='lat' dir='ltr'><strong>esse</strong></span> <span class='ocrx_word' id='word_1_285' title='bbox 327 2438 429 2502; x_wconf 88' lang='lat' dir='ltr'><strong>dicens,</strong></span> <span class='ocrx_word' id='word_1_286' title='bbox 439 2440 514 2491; x_wconf 86' lang='lat' dir='ltr'><strong>tollit</strong></span> <span class='ocrx_word' id='word_1_287' title='bbox 524 2441 581 2492; x_wconf 78' lang='lat' dir='ltr'><strong>uin</strong></span> <span class='ocrx_word' id='word_1_288' title='bbox 588 2448 617 2494; x_wconf 87' lang='lat' dir='ltr'><strong>et</strong></span> <span class='ocrx_word' id='word_1_289' title='bbox 628 2450 760 2494; x_wconf 78' lang='lat' dir='ltr'><strong>naturum</strong></span> <span class='ocrx_word' id='word_1_290' title='bbox 770 2441 843 2491; x_wconf 90' lang='lat' dir='ltr'><strong>Deo·</strong></span> 
     </span>
     <span class='ocr_line' id='line_1_36' title="bbox 11 2506 844 2576; baseline -0.004 -15"><span class='ocrx_word' id='word_1_291' title='bbox 11 2506 100 2563; x_wconf 69' lang='lat' dir='ltr'><strong>irum.</strong></span> <span class='ocrx_word' id='word_1_292' title='bbox 138 2506 199 2561; x_wconf 85' lang='lat' dir='ltr'><strong>Neo</strong></span> <span class='ocrx_word' id='word_1_293' title='bbox 210 2507 301 2559; x_wconf 87' lang='lat' dir='ltr'><strong>multo</strong></span> <span class='ocrx_word' id='word_1_294' title='bbox 313 2524 393 2560; x_wconf 85' lang='lat' dir='ltr'><strong>secus</strong></span> <span class='ocrx_word' id='word_1_295' title='bbox 403 2508 587 2576; x_wconf 79' lang='lat' dir='ltr'><strong>Speusippus,</strong></span> <span class='ocrx_word' id='word_1_296' title='bbox 602 2508 750 2565; x_wconf 80' lang='lat' dir='ltr'><strong>Platonem</strong></span> <span class='ocrx_word' id='word_1_297' title='bbox 761 2523 844 2559; x_wconf 74' lang='lat' dir='ltr'><strong>nvun»</strong></span> 
     </span>
     <span class='ocr_line' id='line_1_37' title="bbox 11 2577 845 2649; baseline -0.002 -18"><span class='ocrx_word' id='word_1_298' title='bbox 11 2579 124 2637; x_wconf 76' lang='lat' dir='ltr'><strong>&#39;nulum</strong></span> <span class='ocrx_word' id='word_1_299' title='bbox 146 2577 333 2645; x_wconf 78' lang='lat' dir='ltr'><strong>subsequens,</strong></span> <span class='ocrx_word' id='word_1_300' title='bbox 359 2584 388 2631; x_wconf 85' lang='lat' dir='ltr'><strong>et</strong></span> <span class='ocrx_word' id='word_1_301' title='bbox 409 2579 466 2631; x_wconf 81' lang='lat' dir='ltr'><strong>vim</strong></span> <span class='ocrx_word' id='word_1_302' title='bbox 486 2579 635 2649; x_wconf 84' lang='lat' dir='ltr'><strong>quamdam</strong></span> <span class='ocrx_word' id='word_1_303' title='bbox 655 2578 766 2638; x_wconf 77' lang='lat' dir='ltr'><strong>dicens,</strong></span> <span class='ocrx_word' id='word_1_304' title='bbox 786 2588 845 2643; x_wconf 69' lang='lat' dir='ltr'><strong>qun</strong></span> 
     </span>
    </p>
   </div>
   <div class='ocr_carea' id='block_1_5' title="bbox 0 0 1046 3025">
    <p class='ocr_par' dir='ltr' id='par_1_5' title="bbox 0 0 1046 3025">
     <span class='ocr_line' id='line_1_38' title="bbox 0 0 1046 3025; baseline 0 0"><span class='ocrx_word' id='word_1_305' title='bbox 0 0 1046 3025; x_wconf 95' lang='lat' dir='ltr'><strong> </strong></span> 
     </span>
    </p>
   </div>
  </div>
 </body>
</html>
