2084 3025
329 91 614 156 rnac‘nnnrn
785 81 870 154 '14⁷

62 210 107 260 (les
119 221 149 258 et
160 210 365 273 vituperationes.
401 209 460 257 Non
470 211 540 258 enim
558 211 594 257 rei
606 210 768 274 postulantur
778 225 791 256 a
802 207 871 255 Tul·

60 280 97 326 lin
104 279 150 325 rel
158 276 188 325 C.
199 276 277 324 Curio
284 275 361 324 relP.
369 275 491 336 Clodius,
502 277 548 324 sed
559 278 682 340 ‹pruniam
693 276 834 324 habuerant
845 275 870 324 in

60 344 164 392 Senatu
175 344 317 407 quamdam
326 345 465 406 iurgiosam
475 343 681 400 decertationem,
702 344 784 390 risum
795 343 872 390 Cice·

59 412 121 461 roni
138 415 180 458 est'
195 411 260 458 lianc
275 413 417 459 orationem
435 411 595 459 conscribere
609 412 712 473 plenam
728 411 781 457 sine
792 409 872 457 dnbio

59 487 85 527 et
96 478 243 542 asperitatis
255 490 279 527 et
287 478 447 538 facetiarum,
467 478 560 542 quibus
571 494 657 524 mores
668 478 799 540 utriusque
810 494 874 541 pro-
896 521 899 536 ,

5 541 7 548 ⁴
59 544 163 595 scindit
181 555 205 591 et
221 546 253 592 de
263 546 424 608 singulorum
441 547 508 594 vitiis
525 561 604 610 qnam
618 556 702 609 potest
712 543 874 590 acerbissime

57 613 193 680 loquitur.
229 611 281 660 Sed
299 613 366 661 enim
383 613 540 678 principium
558 612 632 659 buius
648 612 758 660 offensae
770 612 849 657 fertur
860 627 875 657 a

57 678 88 729 P.
103 678 193 727 Clodii
210 679 311 727 lnc'ertu
329 679 499 727 descendisse.
535 681 602 729 Nam
616 679 688 727 visus·
700 687 737 726 est
752 678 778 724 iu
795 677 874 723 domo

57 745 196 795 Pontificis
213 748 319 794 maximi
332 747 360 794 C.
373 747 486 794 Caesaris
505 746 672 811 eiusdemque
688 744 815 793 Praetoris
831 745 875 791 in·

58 817 168 862 testum
178 814 265 861 fecisse
277 831 336 861 enm
348 814 401 861 elus
413 829 492 861 uxore
504 812 627 879 Pompeia
639 831 668 861 eo
680 824 802 877 tempore,
823 827 874 876 qno

56 895 111 952 per
121 880 237 928 Vestales
247 882 355 944 virgines
367 891 391 927 et
401 891 530 928 matronas
542 881 732 929 honestissimas
751 880 777 926 in
785 890 875 944 operto

57 950 153 996 Bonae
164 946 233 995 Deae
243 949 391 995 sacrificium
408 948 467 994 viris
486 949 607 996 omnibus
617 949 775 995 inaccessum
785 948 875 995 fiebate

58 1013 136 1063 tande
159 1015 245 1079 elapso
262 1027 347 1062 tamen
359 1013 452 1063 Clodio
469 1027 561 1079 magna
576 1014 671 1063 invidia
682 1013 840 1078 percrebruit
850 1025 876 1060 et

58 1083 172 1131 infamia
184 1081 409 1141 caerimoniarum,
430 1092 459 1128 ut
469 1082 578 1134 Senatus
597 1082 732 1130 decernere
742 1092 876 1144 cogeretur

59 1149 140 1200 nnmi
151 1148 282 1210 diligentia
294 1149 440 1197 Consulum
450 1150 681 1214 perrest'gandnm,
697 1151 717 1197 si
729 1148 798 1213 quod
809 1158 875 1195 esset

59 1215 178 1283 publicis
198 1217 363 1279 religionibus
383 1217 484 1264 illatum
502 1219 634 1281 flagitium.
668 1216 813 1264 Accedebat
825 1215 875 1262 laun

61 1283 146 1332 etiam
165 1282 349 1345 praeiudicium
365 1282 497 1347 quoddam
508 1283 537 1332 C.
549 1285 663 1338 Caesaris
680 1282 761 1348 ipsius
771 1282 875 1330 Pontifi-

46 1409 50 1414 .
61 1352 117 1411 cis,
137 1351 182 1414 qni
193 1367 300 1399 uxorem
310 1367 384 1398 suam
400 1351 468 1397 illico
478 1351 630 1416 repudiarit.
643 1393 645 1398 .
665 1348 725 1397 Post
736 1350 806 1412 qnod
816 1367 875 1397 reus

61 1416 98 1465 ile'
120 1418 217 1465 incesto
233 1418 311 1464 lacius
333 1426 371 1464 est
381 1416 408 1465 P.
420 1415 543 1478 Clodius,
562 1412 694 1465 accusante
714 1418 743 1464 L.
757 1416 874 1474 Lentulo,

62 1482 223 1533 defendente
233 1483 261 1532 C.
274 1484 384 1534 Curione
395 1496 474 1551 patre.
504 1485 571 1534 Nam
590 1496 640 1533 tres
652 1486 702 1532 illis
715 1484 874 1548 temporibus

60 1550 193 1600 Curiones
204 1553 295 1603 illustri
305 1548 409 1602 nomine
421 1552 572 1601 exstiterunt
583 1558 656 1617 atque
667 1554 700 1600 ita
710 1552 737 1599 in
747 1553 818 1599 libris
826 1550 871 1598 ad-

62 1616 118 1668 buc
128 1619 256 1667 feruntur.
277 1616 355 1668 Curio
366 1630 425 1668 a‘vus
436 1657 442 1680 ,
462 1621 507 1684 qui
518 1621 637 1669 Serrium
647 1619 767 1667 Fulvium
783 1619 874 1666 incesti

61 1681 142 1734 teum
151 1685 264 1753 defendit
271 1696 278 1747 ς’
299 1687 374 1734 ethic
385 1687 414 1736 C.
425 1686 503 1735 Curio
518 1701 605 1752 pater,
625 1689 668 1751 q'ui
680 1686 707 1734 P.
721 1682 814 1735 Clodio
826 1684 875 1732 ad-

62 1754 127 1814 fuit,
148 1765 172 1801 et
182 1755 270 1801 tertius
291 1755 336 1801 ille
355 1754 433 1807 Curio
450 1753 631 1814 Tribunicius,
652 1752 695 1819 qni
714 1754 784 1803 bello
804 1752 875 1800 civili

61 1821 225 1886 Pompeiano
243 1823 270 1869 in
285 1820 372 1871 Africa
387 1823 478 1887 periit:
497 1839 580 1886 anrm
599 1824 671 1869 enini
687 1834 752 1870 esset
762 1822 874 1886 partium

61 1883 198 1948 Caesaris,
218 1906 352 1954 oppressus
372 1892 410 1937 est
427 1889 459 1938 ab
475 1892 603 1954 equitibus
613 1891 691 1938 lubae
701 1890 784 1953 llcgis.
820 1886 873 1935 seo

60 1955 188 2006 hactenus
199 1952 229 2004 de
240 1956 394 2004 Curionibus
411 1952 509 2006 dictum
519 1960 559 2006 sit.
594 1954 707 2006 Multum
719 1957 814 2021 elinque
825 1955 874 2003 lia·

33 2019 39 2027 ⁸
59 2024 125 2077 bitis
143 2024 371 2071 concertationibus
388 2019 586 2073 ante'iudicium
596 2024 625 2073 P.
637 2024 744 2073 Clodius
755 2044 769 2073 a
780 2023 873 2073 turbu·

59 2082 135 2140 lenta
145 2090 324 2150 multitudine,
344 2108 375 2139 ue
387 2106 500 2143 caussam
510 2091 619 2154 diceret,
638 2111 691 2140 non
711 2092 765 2141 sine
776 2093 874 2155 impetn

61 2156 199 2206 'seditionis
211 2157 312 2209 adiutus
323 2167 359 2205 est
370 2169 473 2215 anctore
484 2160 558 2223 liuius
570 2160 763 2226 conspirationis
775 2160 807 2222 Q
818 2161 838 2207 F
842 2175 873 2203 n·

59 2227 98 2275 lio
108 2225 206 2273 Caleno
217 2221 334 2273 Tribuno
352 2226 403 2289 pt,
424 2227 494 2275 cuius
513 2228 673 2274 mentionem
690 2227 874 2274 creberrimam

59 2287 168 2344 Tullius
179 2293 203 2339 in
211 2290 358 2357 Philippicis
370 2294 527 2357 orationibus
539 2288 604 2353 sade,
614 2295 729 2342 obstante
739 2310 800 2340 vero
812 2309 884 2356 poem

59 2374 97 2411 ne
109 2359 336 2408 universo-Senatu
346 2376 395 2424 pro
406 2363 571 2409 sanctimonia
586 2362 742 2423 religionum
753 2358 874 2407 adversus

58 2430 164 2478 crimen
182 2428 279 2474 moesti.
312 2427 414 2481 ludices
429 2439 518 2477 tamen
532 2429 565 2475 ad
581 2439 725 2475 extremum
742 2426 794 2474 dati
805 2436 873 2474 sunt·

59 2499 98 2546 Et
107 2495 194 2561 primo
205 2495 310 2558 quidem
321 2497 352 2544 ab
364 2494 459 2559 Senatu
468 2495 625 2560 praesidinm
636 2497 783 2558 petiverant,
801 2501 832 2540 ut
842 2491 874 2539 da

58 2564 159 2614 Clodio
170 2563 346 2626 potentissimo
357 2562 461 2611 bomine
472 2564 577 2611 liberius
585 2560 748 2610 iudicaretur.
775 2560 873 2608 Verum

61 2636 98 2682 na
108 2648 150 2681 res
160 2628 263 2692 cendit,
280 2642 310 2680 ut
323 2632 349 2679 in
360 2645 422 2679 eum
431 2633 507 2680 multi
516 2648 594 2696 grave
611 2630 786 2679 testimonium
798 2627 871 2676 diee-

602 2694 665 2748 na

308 2750 312 2765 ι

295 2778 308 2799 l
