2084 3025
206 205 259 257 eoo
325 265 330 270 ,
422 199 478 254 uu
495 196 784 257 orvrnsmons

210 305 281 360 nihil
303 318 418 388 prorsus
439 303 556 355 sonmiis
577 301 756 383 tribuendum¹
775 301 824 382 sit:
850 301 1017 382 pracsertim

210 392 293 445 quum
305 376 349 426 illi
359 375 423 443 ipsi,
444 374 493 442 qui
503 389 537 425 eu
546 373 655 436 vident,
674 371 745 422 mhil
755 370 892 433 murnent3
914 385 946 431 11,
969 386 1019 438 qur

126 448 131 453 ’
210 448 438 513 interpretantur,
446 435 798 501 coniecturamndhibcant‚
810 444 1020 493 connaturam:

211 530 291 567 casus
303 521 398 567 auteur
407 512 655 565 innumerabilibus
666 524 752 578 paene
763 508 881 561 saeculis
889 507 919 559 in
931 510 1022 560 omni·

211 586 263 636 bus
275 582 355 653 plura
361 580 514 645 mirabilia,
526 597 609 650 quam
619 582 648 632 in
658 579 827 633 somniorum
838 577 908 629 visis
920 579 1023 631 effece-

81 646 85 653 ”
120 701 125 705 .
210 655 262 708 rit:
282 667 370 721 neque
380 653 551 709 coniectura¹
566 650 676 718 quaein
686 648 777 700 varias
788 654 882 716 partes
892 647 961 702 duci
972 663 1024 716 po·

211 729 279 785 tert,
289 736 409 774 nonnum
429 735 493 772 uam
507 720 593 772 etiam
603 721 633 772 in
645 719 808 780 contrarias,
819 716 971 787 quidquam
983 719 1024 770 sit

210 788 354 845 inuentus.
399 790 423 843 L
451 789 511 841 Xll.
534 786 595 841 148.
618 787 795 856 Explodatur
814 785 884 838 haee
904 802 1024 856 quoque

211 863 383 914 somniorum
403 858 540 911 divinatio
581 858 667 910 ariter
682 872 742 909 cum
758 857 868 909 ceteris.
903 857 981 910 Nam
993 865 1026 910 ut

212 945 276 984 vere
287 931 443 998 loquamur,
458 873 631 997 copositio,
651 925 714 978 lusa
723 942 773 993 per
782 932 887 995 gentes,
904 942 1024 994 oppres-

212 1003 250 1053 sit
262 1000 382 1052 omnium
394 998 453 1050 iere
463 999 581 1059 annuos,
595 1004 678 1064 atque
688 996 828 1059 hominum
839 995 1025 1049 imbecillita-

212 1079 269 1122 tem
280 1065 437 1135 occupavit.
472 1066 555 1130 Quod
566 1073 594 1119 et
605 1067 633 1118 in
644 1066 679 1117 iis
689 1066 769 1118 libris
780 1064 884 1116 dictum
895 1073 954 1128 est,
974 1068 1026 1134 qui

212 1144 277 1191 sont
287 1138 318 1189 de
328 1144 431 1190 natura
443 1131 578 1189 Deorum:
589 1144 617 1189 et
626 1134 680 1187 hac
690 1135 879 1204 disputatione
888 1134 921 1186 iu
931 1136 1025 1191 maxi·

212 1221 257 1258 me
269 1204 384 1273 egimus.
419 1203 542 1257 Multum
553 1205 626 1258 cuim
637 1211 665 1257 et
676 1207 814 1257 nobismet
828 1205 911 1271 ipsis,
932 1211 964 1257 et
974 1220 1025 1258 no·

212 1262 279 1327 siris
293 1275 431 1344 profuturi
447 1274 622 1339 videbamur,
642 1275 668 1325 si
679 1291 739 1326 eam
750 1273 876 1326 funditus
887 1275 1025 1327 sustulis-

213 1360 313 1397 semus.
349 1341 409 1397 Nec
418 1357 485 1397 vero
501 1344 544 1409 (id
559 1346 633 1399 enim
644 1344 793 1417 diligenter
802 1344 928 1411 intelligi
938 1346 1023 1407 volo)

212 1413 409 1483 strperstitiooc
420 1412 548 1467 tollenda
559 1414 661 1481 religio
671 1415 791 1468 tollitur.
826 1413 898 1465 Nam
910 1422 949 1476 et,
964 1431 1023 1466 mn·

213 1486 303 1537 iorum
316 1483 448 1536 instituta
458 1484 532 1540 tucri
546 1486 634 1537 sacris
651 1483 879 1552 caerimoniisque
894 1483 1025 1550 retinen·

213 1553 264 1617 dis,
274 1552 408 1622 sepientis
421 1560 474 1606 est:
482 1560 515 1606 'et
525 1570 587 1607 csse
597 1561 784 1623 praestantem
795 1554 917 1621 aliquem
930 1561 1024 1608 aeter·

209 1639 329 1692 canique
337 1631 477 1685 naturum,
489 1629 517 1676 et
528 1638 588 1676 eam
599 1625 802 1691 suspiciendam
812 1623 1023 1677 admirandam·

213 1710 264 1761 que
274 1692 422 1756 hominum
429 1694 532 1760 generi,
542 1693 722 1762 pulchritudo
733 1692 828 1745 mundi
838 1692 969 1761 ordoque
981 1711 1024 1747 re·

214 1776 272 1814 rum
288 1761 452 1816 caelestium
467 1764 546 1831 cogit
566 1764 703 1817 confiteri.
740 1761 800 1815 149.
821 1762 1023 1827 Quamobrem,

214 1844 244 1883 ut
253 1831 353 1900 religio
362 1834 545 1900 propaganda
555 1833 637 1886 mam
646 1840 701 1896 est,
715 1847 788 1901 quae
798 1839 840 1884 est
849 1832 946 1885 iuncta
957 1850 1022 1885 cum

214 1902 372 1967 cognitione
382 1909 513 1956 numme:
534 1902 577 1954 sie
587 1903 796 1969 superstitionis
807 1901 908 1969 stirpes
921 1917 1022 1954 omnes

212 1969 372 2024 eiiciendae.
407 1971 497 2024 lnstat
507 1972 581 2024 cmm
597 1986 626 2024 et
636 1981 719 2041 urget
729 1979 773 2034 et,
794 1983 848 2039 quo
860 1978 1022 2040 tecumque

213 2041 337 2104 verteris,
357 2043 548 2108 persequitur3
569 2039 627 2095 sire
640 2048 672 2093 tu
686 2049 792 2103 vatem,
814 2042 920 2093 sivetu
936 2056 1020 2093 omen

213 2109 348 2173 audieris3
368 2110 428 2162 sire
442 2112 611 2175 immolaris,
631 2112 779 2164 sincerem
791 2111 972 2178 adspexeris3
994 2112 1019 2161 si

211 2177 391 2242 chaldaeum,
406 2179 431 2230 si
441 2179 616 2247 haruspicem
625 2181 746 2246 videris3
767 2181 793 2231 si
802 2179 924 2243 fulserit,
939 2182 965 2231 si
977 2189 1019 2232 to·

209 2246 314 2311 ruerit,
335 2248 359 2299 si
368 2254 476 2300 tactum
490 2249 596 2318 aliquid
607 2252 662 2303 erit
672 2250 707 2303 de
718 2250 811 2313 enelo;
826 2252 853 2301 si
863 2253 972 2303 ostenti
982 2253 1018 2302 si·

212 2316 277 2368 mile
288 2323 382 2369 netum
393 2317 531 2371 laetumve
546 2322 699 2389 quippiam
722 2334 837 2389 quorum
849 2334 963 2373 necesse
975 2327 1020 2372 est

211 2383 372 2455 plerumque
384 2387 492 2456 aliquid
503 2391 627 2442 eveniate
641 2398 675 2444 ut
683 2389 1019 2458 humquam'lieeatquie·

211 2464 242 2508 tn
252 2463 343 2509 mente
355 2457 513 2511 consistere.
535 2456 595 2512 150.
605 2459 883 2528 Perhrgiumvidetur
893 2461 1019 2512 omnium

210 2525 340 2578 laborum
357 2533 385 2580 et
404 2528 626 2581 sollicitudinum
647 2545 708 2583 esse
724 2543 847 2582 somnus.
882 2530 918 2582 st
931 2544 968 2581 cx
984 2545 1019 2580 eo

197 2597 272 2662 ¹ipso
289 2596 427 2664 plurimae
442 2614 525 2670 curae
535 2604 680 2667 metusque
694 2604 855 2652 nascuntur.
892 2598 945 2660 Qui
958 2599 1020 2666 qoi-

213 2663 275 2715 dem
291 2667 344 2732 ipsi
358 2679 408 2731 per
417 2684 447 2719 sc
458 2669 548 2718 uulnus
558 2669 697 2732 valerent,
719 2675 748 2720 et
757 2673 846 2735 inagis
859 2675 1018 2719 comemm-

212 2741 325 2796 renture
341 2736 395 2787 uisi
409 2737 580 2789 somniorum
596 2739 782 2806 patrocinium
798 2736 961 2806 philosophi
975 2752 1020 2789 su·
