2084 3025
144 167 220 238 ‚aa
238 167 494 223 seuaerura
514 170 603 225 cnr,
616 169 659 224 14.
677 166 719 222 ta.
806 166 842 223 21

38 271 249 338 quoclacccpit:
272 274 408 325 sedalias
423 275 541 338 atinate,
563 275 726 342 plerunque
736 274 843 333 maiore

38 356 101 392 curn
114 341 220 392 tenore.
242 344 412 410 Quamquam
424 360 467 395 me
479 345 588 412 quidem
601 344 773 396 nontruetus
786 358 843 395 mo·

38 411 92 471 do,
114 410 166 461 serl
182 412 265 461 ctiam
280 414 368 479 ipsius
385 424 475 465 toruae
491 416 532 465 ris
550 431 583 467 ac
600 413 844 467 naturadelectat:

39 496 113 547 quae
131 495 214 546 quum
231 483 337 549 gretrtio
353 484 463 534 mollito
478 500 512 535 ac
525 485 643 536 subacto
659 499 751 535 senten
768 497 844 550 spar-

38 566 99 600 sum
112 551 232 615 excepit,
243 553 361 617 primum
375 553 404 603 id
416 560 594 605 occaecatum
607 551 732 616 cohibet3
743 568 778 604 ex
790 565 843 618 quo

38 619 157 681 occatio,
168 621 304 686 quaehoc
315 621 408 683 ellicit,
428 623 570 674 nominata
582 629 637 674 esta
661 621 759 674 deintle
771 627 845 687 tepo-

39 688 147 741 tactum
162 706 267 756 rapere
281 698 309 742 ct
322 706 486 757 conspressu
496 700 548 743 s'uo
560 691 703 753 diffundit,
726 697 756 743 at
768 689 846 741 elicit

39 757 249 810 herbescentem
265 775 302 811 ex
320 777 354 811 eo
370 762 556 815 viriditatem:
580 776 665 827 quae,
685 760 754 811 nixa
769 758 846 811 tibris

39 829 180 894 stirpium,
203 829 304 880 sensim
316 829 462 891 adolescit,
474 830 621 895 culmoque
633 837 726 881 ertrcta
736 829 848 896 genicu-

41 898 118 959 lato,
137 898 251 965 a’aginis
257 899 311 949 iam
324 900 404 965 qnasi
414 901 566 965 pubescens
581 899 744 960 includitur3
766 895 848 963 oqui·

39 967 189 1033 busquum
200 969 332 1031 enrersit,
350 968 441 1019 tundit
452 968 562 1036 frugem
571 968 650 1034 spici,
670 968 768 1020 ordine
778 972 848 1017 stra·

41 1043 168 1096 attenuet
179 1039 381 1099 contraarium
393 1038 530 1088 mirwrum
542 1053 650 1088 morsus
660 1038 782 1089 munitur
792 1033 849 1085 val-

40 1107 68 1156 lo
81 1106 248 1166 aristarum,
280 1107 321 1158 52.
342 1107 420 1168 Quia>
427 1123 479 1174 ego
491 1107 591 1157 vitium
602 1117 688 1170 satus,
705 1115 793 1168 ortus,
809 1104 849 1154 in-

39 1183 185 1227 crementa
205 1176 435 1229 conrmcm'orcml
463 1175 566 1229 satiari
588 1177 774 1229 delectatione
795 1189 849 1225 non

39 1251 170 1312 possum3
191 1251 224 1295 ut
239 1261 318 1298 meae
333 1246 485 1298 senectutis
497 1247 650 1313 requietem
666 1246 850 1297 oblectamen-

38 1321 127 1382 taque
150 1316 282 1366 noscatis.
319 1316 426 1367 Omitto
447 1316 520 1367 enim
540 1317 597 1365 rim
618 1316 708 1382 ipsam
722 1315 852 1373 omnium,

41 1400 113 1451 qnae
128 1391 299 1451 generantur
314 1392 429 1438 eterra:
451 1400 522 1452 quae
539 1400 573 1436 ex
585 1385 630 1455 lici
641 1384 752 1435 tantulo
764 1395 851 1448 grano

40 1461 91 1504 aut
101 1469 137 1504 ex
148 1454 229 1504 acino
239 1456 357 1507 vinaceo¹
365 1461 414 1506 aut
423 1470 457 1506 ex
470 1461 624 1507 ceterarum
635 1454 744 1520 frugum
752 1451 854 1502 aestir·

40 1525 329 1591 pium'niinutissimis
344 1526 497 1577 seminibus
510 1529 607 1575 tantos
622 1531 740 1574 truncos
750 1534 854 1571 ramos-

42 1599 247 1661 queprocreat:
269 1596 404 1658 malleoli,
422 1596 544 1662 plantae,
561 1599 711 1652 sarmenta,
722 1588 854 1641 viviradi-

42 1665 99 1725 ces,
119 1664 303 1730 propagines,
317 1669 406 1717 nonne
417 1680 451 1716 ca
462 1664 592 1726 alliciunt,
612 1667 644 1712 ut
656 1660 779 1728 quemvis
792 1673 852 1708 cum
901 1703 905 1708 .

42 1733 236 1785 admiratione
246 1733 406 1787 delectanti
424 1734 507 1785 vitis·
519 1733 646 1800 quidem,
666 1745 739 1797 quae
753 1735 854 1779 natura

42 1803 150 1855 caelica
159 1809 218 1864 est,
238 1810 281 1864 et,
301 1805 357 1856 nisi
367 1804 441 1854 tulta
452 1802 506 1864 sit,
525 1801 561 1853 ad
572 1808 677 1853 terram
689 1800 792 1859 fertur,
809 1813 853 1849 ea·

42 1872 124 1934 oeni,
142 1880 178 1923 ut
193 1875 343 1939 seerigat,
366 1873 510 1924 claviculis
532 1872 602 1932 suis,
622 1871 701 1937 quasi
716 1868 854 1927 manibus,

42 1942 184 2009 quidquid
201 1949 244 1993 est
254 1950 349 2006 nacta,
373 1941 580 2007 eonaplcctitor:
602 1955 682 2007 quam
695 1944 853 2005 serpentem

40 2011 197 2079 multiplici
207 2012 288 2078 lapsu
298 2017 328 2064 et
339 2013 468 2072 erratico,
487 2009 564 2061 forro
575 2016 729 2075 amputans,
742 2010 852 2059 coercet

41 2095 88 2131 ars
104 2082 306 2149 agricolarum,
326 2097 360 2132 nc
376 2082 507 2132 silvescat
519 2081 667 2130 sarmentis
678 2086 706 2129 et
717 2079 744 2128 in
756 2090 852 2126 ‹rmnes

41 2157 139 2216 partes
155 2151 243 2201 nimia
259 2151 401 2203 tundatur.
437 2148 479 2200 53.
498 2150 594 2215 ltaque
608 2149 720 2201 ineunte
736 2162 804 2198 vare
823 2144 854 2194 in

40 2220 93 2282 iis,
104 2236 177 2287 quae
187 2219 288 2272 relicta
297 2228 377 2282 sunt,
393 2220 505 2271 exsistit
516 2225 657 2284 tamquam
670 2217 707 2268 acl
718 2214 852 2288 articulos

41 2296 246 2341 sannetrtorum
262 2306 314 2351 ea,
329 2304 399 2356 quae
411 2304 521 2356 gemma
530 2287 645 2338 dicitnr:
667 2303 684 2337 a
696 2301 749 2353 qua
760 2285 853 2356 oriens

41 2375 98 2411 uva·
107 2375 177 2410 sese
184 2361 319 2411 ostendit:
337 2375 417 2427 quae,
429 2359 456 2409 et
466 2372 549 2408 succo
561 2363 656 2408 terrae
665 2361 693 2406 et
706 2355 799 2405 caure
810 2366 853 2400 so·

34 2428 77 2484 lis
87 2445 259 2496 augescens,
278 2430 370 2495 primo
386 2434 428 2481 est
443 2427 594 2493 peracerba
605 2431 735 2492 gustatu,
752 2417 852 2471 deinde

39 2505 189 2549 maturata
208 2498 358 2562 dulcescit3
378 2498 537 2563 vestitaque
550 2495 706 2561 pampinis,
724 2506 775 2541 nec
794 2503 852 2538 mo·

41 2567 105 2618 (lico
120 2574 221 2633 tepore
241 2574 333 2630 caret,
354 2574 383 2619 et
396 2567 500 2618 triaiios
513 2561 719 2615 solis'defemlit
729 2558 852 2610 ardores.

41 2638 106 2699 (lim
120 2638 187 2703 quid
205 2645 299 2702 potest
307 2641 381 2688 ‘esse
391 2651 476 2703 «laum
492 2634 584 2684 fructu
599 2631 713 2692 laetius,
732 2633 790 2679 turn
806 2623 853 2675 all·

41 2714 144 2773 spectu
157 2706 319 2774 pulchriint
340 2707 428 2760 Cuius
441 2703 553 2773 quidem
568 2716 625 2754 aaa
633 2697 745 2751 utilitas
754 2708 798 2748 iae
816 2706 854 2742 ro·
895 2705 899 2712 ¹
