2084 3025
288 164 575 224 FRAGMENTA.
791 166 842 224 129

35 253 129 323 iterent
145 272 253 335 legati,
244 271 331 322 unde'
324 291 351 321 ιιι
366 274 509 339 praesentia
518 275 656 338 pecuniam
672 274 841 326 creditoribus

43 342 140 392 darent:
150 330 372 407 promulgavitquc
376 343 476 407 legem,
488 359 537 405 qua
548 347 724 396 auctoritatem
734 348 842 395 Senatus

35 411 174 470 minuebat,
192 429 223 458 uc
236 413 298 476 quis,
312 412 364 459 uisi
373 428 420 477 per
429 414 565 477 populum,
575 413 676 477 legibus
687 417 843 466 solveretur:

33 479 109 546 quod
119 480 221 542 antiquo
232 497 333 545 quoquc
344 481 399 529 iurc
411 492 467 530 erat
475 494 586 537 cautum.
617 482 724 547 Itaque
717 501 744 532 ιιι
756 484 844 531 omni-

41 547 124 600 huss.
135 546 171 606 C„
182 549 274 613 quibus
283 560 340 600 tum
351 551 464 613 aliquem
475 550 577 614 legibus
587 551 785 617 soltiplacebat,
796 550 844 600 ad

42 619 83 668 iici
101 628 152 665 erat
169 620 288 679 solitum,
306 631 334 669 ut
344 617 376 666 de
387 635 417 668 es
422 636 456 667 re
467 619 499 668 ad
517 620 643 701 populum
655 623 777 670 serretur:
797 619 844 667 ssd

41 671 142 752 pardlat'·
145 702 172 733 m
182 688 244 736 ferri
255 686 459 748 eratdcsitrum
456 706 554 752 resque
566 690 618 737 iam
628 690 654 736 in
662 705 844 737 eamcousue-

41 755 155 806 tudinem
165 769 274 817 venerat,
284 769 313 807 ut
322 769 454 822 postremo
465 774 497 805 ne
508 757 661 808 adiicerctur
668 756 775 823 quidem
781 756 842 806 mS

42 826 71 875 C.
82 824 253 888 derogatione
263 825 294 875 ad
304 828 432 891 populum
441 826 554 887 serenda,
566 843 644 890 eaque
656 826 745 892 ipsas.
758 826 788 877 C.
798 843 846 891 per

39 896 160 961 pauculos
170 894 312 950 admodum
321 896 423 946 fiebant.
451 893 569 961 indigue
572 911 630 944 eam
641 893 761 949 Corneln
766 911 845 959 roga
891 950 895 956 ⁴

40 966 137 1013 tionem
147 965 258 1014 tulerant
267 964 438 1030 potentissimi
450 966 543 1028 quique
554 982 585 1015 er
595 964 767 1020 senatoribus,
779 981 846 1028 quo·

38 1050 99 1084 rum
108 1046 188 1095 grana
199 1050 356 1099 magnopere
373 1034 547 1083 minuebatur.
582 1033 710 1098 ltaqucP.
722 1034 845 1083 Sertilius

38 1101 167 1151 Globulus
178 1102 308 1154 Tribunus
321 1106 357 1167 pl.
369 1106 491 1152 inventus
496 1106 558 1162 crat,
569 1103 656 1168 quiC.
664 1101 786 1156 Cornelio
795 1103 846 1150 ob·

38 1164 213 1230 utrumuis,
223 1173 268 1221 ubi
277 1173 342 1234 legis
354 1170 475 1221 fenrudac
485 1171 540 1220 dies
545 1175 625 1232 venir,
644 1185 668 1221 et
677 1189 770 1239 praeco
780 1170 844 1223 suh·

32 1241 140 1292 jicieutc
150 1242 331 1298 scribaverba
332 1242 397 1305 legis
406 1242 512 1292 recitare
523 1245 620 1305 populo
634 1244 725 1307 coepit,
743 1251 768 1288 et
779 1243 846 1288 scri-

36 1312 99 1361 bam
110 1307 243 1373 subiicere,
260 1321 285 1357 et
295 1325 450 1375 praeconem
460 1313 626 1375 pronuntiare
637 1327 723 1374 passus
735 1326 787 1356 uon
799 1321 845 1356 est.

35 1377 62 1427 Τ
63 1396 108 1428 um
120 1378 255 1428 Cornelius
275 1380 328 1443 ipsc
336 1379 457 1428 codicem
471 1378 600 1438 recitarit,
620 1378 690 1443 quod
703 1395 782 1442 quum
794 1381 846 1423 im-

36 1449 120 1516 probe
131 1448 185 1495 fieri
193 1446 221 1497 C.
228 1445 287 1494 Piso
295 1443 392 1497 Consul
399 1449 726 1511 vehementerqucrcrutur,
736 1446 845 1508 tollique

36 1537 67 1567 ea
77 1517 290 1579 reTribuniciam
300 1518 509 1568 intercessionem
515 1515 620 1577 diceret,
631 1518 701 1579 gravi
709 1516 825 1565 convicio
832 1534 847 1564 a

34 1587 135 1653 populo
146 1600 264 1652 exceptus
276 1599 321 1636 est.
357 1588 391 1637 Et
400 1591 479 1651 quum
490 1587 534 1633 ille
545 1601 588 1633 eos
595 1622 602 1645 ‚
622 1587 665 1650 qui
676 1587 725 1633 sibi
735 1586 847 1632 intenta-

32 1659 214 1714 hartmanus,
234 1656 327 1720 prendi
343 1657 463 1707 alictore
470 1656 599 1713 iussisset,
618 1655 690 1703 fracti
701 1656 755 1702 cius
766 1654 847 1701 fasces

33 1725 128 1784 cuncti,
140 1723 289 1787 lapidesque
300 1727 378 1774 ctiam
388 1742 419 1774 ex
428 1724 520 1773 ultima
529 1725 654 1771 concione
666 1725 693 1775 in
703 1722 847 1771 Consulem

31 1795 103 1844 iacti.
135 1793 196 1856 Quo
206 1793 317 1851 tumultu
327 1791 462 1843 Cornelius
471 1793 793 1858 ›perturbatus-concilium
804 1789 846 1838 di-

30 1864 116 1913 misit.
146 1859 244 1911 Actum
253 1860 348 1910 deinde
368 1863 457 1915 cadem
471 1862 502 1911 de
513 1879 541 1923 rc
552 1864 578 1911 in
590 1862 686 1912 Senatu
697 1874 734 1910 est
745 1860 846 1924 magnis

29 1932 253 1985 contentionibus·
290 1933 359 1983 Tum
369 1931 504 1991 Cornelius
521 1933 556 1982 ita
573 1934 641 1981 serre
650 1948 743 1981 rursus
753 1932 845 1996 coepit,

28 2019 65 2053 nc
82 2002 143 2065 quis
152 2001 179 2047 in
188 2000 286 2050 senatu
295 2001 397 2065 legibus
416 2003 572 2058 solveretur,
593 2000 642 2049 nisi
653 2000 696 2049 CC
707 2002 844 2059 affuissent,

27 2084 97 2121 nere
110 2071 177 2133 quis,
198 2087 279 2135 quum
288 2073 385 2120 solutus
396 2083 470 2131 esset,
489 2070 666 2129 intercederet,
682 2087 762 2133 quum
773 2068 805 2118 de
816 2084 845 2120 es

26 2158 58 2190 rc
70 2137 105 2187 ad
115 2140 244 2220 poptdum
253 2140 371 2191 ferretur.
401 2140 475 2189 Haec
485 2139 539 2186 sine
551 2140 661 2193 tumultu
679 2152 783 2188 resecta
795 2149 847 2189 est:

26 2225 114 2259 nemo
125 2209 198 2256 enim
217 2225 311 2272 negare
322 2219 431 2275 poterat,
451 2225 500 2274 pro
511 2210 658 2257 auctoritate
671 2206 779 2256 Senatus
790 2223 845 2254 esse

24 2295 89 2327 eam
101 2279 206 2341 legem:
226 2277 272 2327 scd
281 2291 368 2328 tamen
378 2294 436 2327 cam
444 2277 519 2326 tulit
513 2278 597 2327 mritis
608 2277 780 2342 optimatibus,
800 2276 845 2340 qui

23 2350 70 2397 vel
80 2363 161 2412 pauci
152 2341 396 2396 'Senaursconsulu·
390 2364 426 2397 m
435 2347 517 2395 facere
528 2348 653 2396 solebant.
673 2344 761 2393 Aliam
768 2343 845 2391 dein-

23 2417 59 2466 de
71 2418 167 2480 legem
178 2414 320 2497 Cornelius,
339 2418 384 2466 etsi
395 2432 472 2465 nemo
483 2432 627 2480 repugnare
638 2431 711 2463 ausus
723 2425 766 2471 est,
777 2412 845 2461 mul-

21 2488 58 2535 tis
69 2497 165 2534 tamen
183 2485 269 2534 invitis
278 2487 343 2545 tulit,
363 2497 392 2534 ιιι
401 2484 533 2534 Praetores
546 2503 578 2534 ex
588 2484 677 2533 edictis
687 2484 738 2530 suis
749 2497 845 2546 perpe-

21 2556 77 2604 tuis
90 2556 133 2603 ius
146 2553 272 2603 dicerent.
293 2555 364 2619 Quae
375 2572 416 2603 res
425 2566 482 2603 tum
492 2555 602 2616 gratiam
612 2551 753 2601 ambitIosis
763 2547 844 2598 Prae·
844 2564 846 2569 ’

19 2624 140 2684 toribus,
163 2625 206 2687 qui
217 2626 286 2672 taric
297 2625 335 2672 ius
346 2623 432 2672 dicere
444 2634 610 2681 assuererunt,
629 2621 737 2669 sustulit.
773 2615 843 2668 Alias

21 2708 137 2757 quoque
149 2695 300 2755 complures
316 2693 387 2755 leges
398 2689 535 2751 Cornelius
546 2690 731 2758 promulgarit:
753 2688 844 2751 quihus

59 2760 126 2812 Cic.
139 2760 192 2810 Or.
203 2758 238 2810 X.
620 2756 637 2805 1
