2084 3025
197 126 232 179 ,4
385 121 445 179 ⁴nu
462 101 858 184 nnrunannonolr'

209 229 239 282 s'n
252 243 309 297 pua
322 240 453 281 tumorem
470 229 568 282 lonium
582 229 722 297 Epicurea
738 228 836 298 pontu
855 243 940 295 neque
959 241 1017 279 reno

211 297 311 350 doloris
325 298 450 350 vacuitas
465 309 515 350 ortt
527 298 793 421 attidecffelies'tatis
803 313 871 350 tuoe
883 294 1018 364 cogitatio

212 367 303 419 lentot
314 383 357 418 eos
366 364 474 433 efficere
485 377 584 433 potest.
649 378 661 428 t
672 384 753 435 prtum
763 381 865 436 temper
871 369 1020 434 pulsentur

213 435 367 489 intermunt
375 447 542 499 atomorum,
562 446 590 489 et
597 437 728 507 imagines
745 438 968 505 exipeissemper
979 434 1021 505 es·

208 505 313 576 fluant,
329 523 383 559 non
389 516 504 575 possunt
513 523 566 559 non
576 507 717 559 interitum
729 507 839 569 timere,
856 506 928 573 quod
935 502 1022 555 teati-

214 574 305 627 tedini
321 576 403 694 Dm
422 592 489 643 repe
510 584 568 642 arnt,
590 593 614 628 c.
630 574 761 630 37-41.
803 574 934 640 Quoniam
955 585 1032 624 vero·

351 660 396 695 eos
406 644 482 697 intro
502 655 585 698 noent
594 645 736 713 Epicurei,
757 649 858 699 nullam
868 643 961 695 reorent
972 641 1028 693 tm..

213 729 355 766 manorum
370 713 629 779 sternutamenta,
650 716 721 768 nillil
740 714 859 769 hostanes
877 712 1023 771 invenstae

212 795 315 836 manem
325 783 498 836 sanctitatem
510 794 537 836 et
548 786 674 837 adserens
685 784 756 837 Deos
764 785 907 854 pietatem,
927 798 1022 850 quoae·

211 867 293 923 paam
304 852 514 921 serbitponnnt,
527 862 618 907 tatrten
628 873 657 908 re
668 858 775 907 tollunt.
792 872 816 906 c.
827 854 871 910 42
880 868 942 924 tw·¹

214 644 312 696 minens

132 1052 138 1057 Δ
212 989 234 1045 l.
246 986 270 1041 1.
284 949 388 1051 Quum
409 990 513 1043 multae
534 1005 579 1041 res
598 991 628 1041 in
647 987 826 1058 philosophia
845 1002 1022 1056 nequaquam

183 1110 188 1122 ,
215 1059 386 1112 satis'udhue
397 1060 553 1125 explicatae
564 1067 637 1124 sunt,
658 1067 717 1110 tum
724 1059 908 1125 perdifficilis,
923 1057 1023 1126 Brute,

214 1129 301 1195 (quod
309 1134 343 1180 tu
353 1129 467 1180 minime
477 1130 609 1197 ignoras)
623 1136 652 1181 et
662 1129 830 1195 perobscura
840 1128 968 1198 quaestio
979 1134 1025 1180 est

216 1198 250 1250 de
260 1204 361 1250 natura
370 1197 508 1249 Deorum:
518 1212 588 1266 quae
600 1204 628 1250 et
638 1199 675 1250 od
685 1198 856 1266 agnitionem
867 1197 952 1250 animi
961 1194 1025 1264 pul·

217 1266 356 1322 memiana,
363 1272 416 1328 est,
427 1273 456 1318 et
466 1267 501 1318 nd
506 1268 709 1322 moderandam
719 1265 885 1337 religionem
895 1281 1024 1320 necessa

215 1338 267 1388 ria.
303 1337 347 1388 De
361 1351 416 1403 qsra
430 1343 488 1389 taur
501 1337 598 1389 variae
613 1344 678 1389 suut
694 1338 920 1390 doctissimorum
932 1335 1024 1389 homi·

216 1421 281 1456 num
292 1411 405 1472 tamque
421 1406 610 1472 discrepantes
628 1410 799 1473 sententiae3
820 1414 852 1459 ut
866 1421 968 1474 magno
981 1420 1025 1457 ar·

216 1480 350 1546 gunmnto
361 1489 422 1527 esse
433 1475 547 1538 debeat,
569 1477 710 1541 caussam,
728 1478 771 1547 [id
781 1487 832 1541 est,
853 1475 1034 1544 principium

216 1545 430 1613 philosophiae]
446 1561 507 1598 esse
527 1547 715 1610 inscientiam,
734 1548 938 1614 prudenterque
954 1548 1026 1597 Aca·

218 1616 342 1669 demieos
365 1631 384 1666 a
402 1615 486 1666 rebus
506 1616 620 1668 incertis
646 1619 833 1669 assensionem
854 1616 1024 1668 cohibuisse.

179 1722 182 1727 ·
218 1684 293 1746 Quid
308 1691 351 1736 est
365 1684 437 1736 enim
452 1686 613 1738 temeritate
628 1687 753 1753 turpius?
772 1692 821 1737 aut
836 1686 902 1753 quid
913 1693 1025 1739 tomite-

217 1755 368 1805 merarium
384 1759 497 1821 tamque
510 1755 657 1823 indignum
676 1755 811 1820 sapientis
828 1758 968 1819 gravitate
984 1764 1026 1807 ut·

218 1838 271 1892 que
282 1824 445 1886 constantia,
466 1839 549 1891 quam
562 1824 719 1875 nutfalsum
730 1823 845 1884 sentire,
869 1827 925 1884 aut,
947 1823 1029 1889 quod·

218 1894 353 1944 nonsatis
365 1893 509 1960 explorate
521 1900 680 1960 perceptum
691 1893 728 1942 sit
742 1896 770 1942 et
785 1889 941 1955 cognitum,
962 1893 1027 1946 sine

217 1962 278 2014 ulla
288 1963 463 2014 dubitatione
476 1960 641 2015 defenderet
655 1962 681 2012 2.
686 1959 772 2012 Velut
781 1961 811 2011 in
821 1959 874 2011 hae
885 1964 1027 2028 quaestio·

218 2048 268 2095 ne,
288 2033 414 2101 plerique
435 2033 520 2101 (quod
541 2032 662 2083 maxime
682 2028 832 2088 verisimile
854 2036 946 2082 estet
968 2046 1026 2100 quo

220 2116 315 2154 onmes
331 2102 401 2155 duce
415 2108 517 2153 natura
535 2092 682 2161 vehimun)
702 2098 778 2150 Deos
800 2115 860 2151 esse
880 2099 1028 2156 dixeruntt

219 2170 348 2224 dubitare
364 2187 394 2224 se
404 2171 588 2238 Protagoras:
608 2167 700 2219 nullos
720 2184 781 2220 esse
794 2170 906 2221 omnino
918 2171 1027 2240 Diago-

219 2256 266 2292 ras
286 2242 389 2293 Melius
414 2245 443 2292 et
463 2238 630 2291 Theodorus
656 2240 825 2306 Cyrenaicus
847 2246 1026 2307 putaverunt.

220 2310 276 2371 Qui
285 2325 351 2362 vero
362 2310 438 2361 Deos
449 2324 510 2361 esse
521 2308 662 2371 dixerunt,
683 2315 763 2361 tanta
778 2310 878 2362 suntin
889 2311 1027 2366 varietata

220 2395 254 2431 ac
266 2379 452 2441 dissensione,
472 2384 615 2430 uteorum
630 2378 777 2431 molestum
795 2383 832 2431 sit
848 2380 1028 2436 dinumerare

144 2478 146 2493 .
219 2446 381 2501 sententias.
417 2445 490 2498 Nam
507 2453 535 2499 et
552 2448 586 2501 de
602 2449 699 2517 liguris
710 2450 848 2514 Deorum,
868 2456 897 2502 et
908 2450 942 2502 de
952 2450 1030 2506 locis

217 2522 302 2582 atque
312 2514 425 2567 sedibus
436 2522 464 2569 el
474 2519 584 2571 actione
594 2519 670 2573 vitae
681 2521 770 2572 multa
779 2518 922 2584 dledntur3
934 2521 1027 2590 deque

217 2582 262 2635 his
272 2583 613 2657 summaphilosophorum
621 2591 793 2643 dissensione
799 2595 936 2642 certatum
948 2588 1029 2659 quod'

216 2666 283 2705 nero
294 2654 414 2710 nomme
425 2670 484 2712 rem
496 2674 677 2731 eaussamque
692 2659 829 2725 mutiret,
847 2666 942 2713 utrum
951 2661 1029 2716 nilnl
