2084 3025
208 160 258 215 164
286 188 289 193 >
424 163 480 215 Du
497 159 785 215 DIVINATIONE
863 188 868 197 x

207 267 301 334 puteal
320 267 487 332 acecpimus.
519 252 662 333 Negemus
684 265 789 316 omnia:
815 266 1013 319 comburamus

207 335 334 400 annales3
354 337 421 386 ficta
441 335 510 387 haec
527 352 591 386 esse
607 335 744 385 dicamus:
767 335 877 402 quidvis
892 336 1015 403 denique

207 407 313 473 potius,
335 421 418 473 quam
428 405 504 457 Deos
521 420 567 467 res
581 402 714 457 humanas
730 421 841 467 curare,
860 404 1014 458 fateamur.

207 474 297 539 Quint
317 475 391 542 quod
410 476 544 541 scriptum
565 475 637 541 apud
655 482 685 526 te
704 481 747 526 est
763 475 797 525 de
813 476 857 525 Ti.
874 474 1015 539 Graccho,

206 559 296 596 noune
312 551 343 596 et
356 558 490 613 augurum
511 542 733 610 ctbaruspicum
748 543 911 609 comprobat
930 545 1018 597 disci-

206 612 330 680 piinami
351 613 419 676 Qui,
438 628 520 681 quum
531 614 739 665 tabernaculum
750 614 819 665 vitio
830 615 1016 680 cepissctim·

205 683 339 750 prudens,
357 683 622 750 quodinauspicato
638 684 810 750 pomoerium
821 686 1015 750 transgressus

205 760 292 805 esset:
312 755 429 804 comitia
438 754 603 804 Consulibus
613 754 746 821 rogandis
756 752 861 804 habuit.
881 753 1015 806 Notares
1035 792 1039 811 s

205 829 263 885 est,
282 829 313 874 et
328 839 346 874 a
355 829 385 875 tc
400 824 462 890 ipso
473 822 606 873 mandata
616 823 809 874 monumentis.
846 820 900 873 Sed
912 824 1016 890 etipse

131 917 136 923 ·
206 890 296 961 n'ugur
309 892 355 944 Ti.
371 892 512 944 Gracchus
528 892 715 958 auspiciorum
730 893 927 944 auctoritatem
948 908 1016 945 con·

205 961 329 1014 fessIone
341 963 428 1014 errati
437 963 479 1013 sui
490 961 688 1026 comprobavit,
697 961 915 1027 et'hanuspicuni
928 961 1015 1014 disci-

205 1033 299 1099 plinae
310 1047 411 1099 niagna
422 1031 540 1083 accessit
551 1031 712 1093 auctoritas,
730 1032 785 1099 qui,
798 1033 957 1082 recentibus
968 1048 1016 1084 co-

204 1102 293 1153 mitiis
304 1102 332 1150 in
344 1100 474 1153 Senatum
485 1101 647 1164 introducti,
657 1107 838 1167 negaverunt,
849 1101 956 1152 iusurm
968 1116 1016 1156 co·

204 1170 522 1236 mitiornmrogatorem
534 1170 626 1222 fuisse.

259 1238 360 1291 XVIII.
370 1238 413 1291 34.
431 1239 468 1290 lis
478 1240 566 1307 igitur
575 1240 722 1303 assentior,
733 1240 780 1307 qui
791 1240 846 1291 duo
856 1256 961 1308 genera
972 1241 1016 1292 di·

182 1309 185 1315 ⁴
204 1310 378 1363 cinationum
389 1325 449 1361 esse
460 1310 602 1361 dixerunt:
624 1326 717 1372 unum,
734 1312 806 1377 quod
818 1312 959 1377 particeps
971 1326 1015 1362 es·

204 1387 249 1432 set
259 1380 343 1443 artis3
364 1378 494 1442 alterum,
509 1378 583 1447 quod
595 1385 654 1432 arte
666 1387 782 1431 careret.
818 1381 870 1430 Est
880 1381 954 1431 enim
965 1395 1013 1431 ars

204 1451 232 1501 in
247 1449 297 1511 IIs,
316 1450 458 1517 quinoras
469 1465 514 1500 res
527 1449 688 1500 coniectura
698 1456 914 1519 persequuntur3
937 1455 1014 1501 rete·

203 1536 250 1573 res
266 1520 460 1574 observatione
475 1519 642 1572 didicerunt.
679 1522 781 1573 Carent
796 1527 891 1572 autem
906 1528 970 1572 arte
982 1521 1013 1582 ii,

205 1593 262 1660 qui,
272 1606 327 1642 non
336 1592 445 1642 ratione
457 1597 505 1640 aut
516 1590 685 1652 coniectura,
692 1592 848 1642 observatis
859 1606 892 1641 ac
902 1592 1014 1642 notatis

203 1661 301 1729 signis,
320 1661 370 1712 sed
381 1660 567 1711 concitatione
578 1659 696 1726 quadam
707 1660 799 1722 animi,
814 1666 862 1711 aut
871 1660 967 1711 soluto
979 1660 1015 1712 li·

203 1734 327 1798 heroque
338 1737 415 1781 motu
425 1730 520 1780 futura
529 1730 733 1795 praesentiunt:
743 1731 827 1798 (quod
838 1731 1014 1782 etsonmian·

203 1801 279 1851 tibus
290 1815 375 1866 saepe
387 1799 533 1865 contingit,
539 1804 567 1849 ct
577 1813 781 1865 nonnumquam
791 1800 1014 1853 vaticinantibus

202 1885 254 1936 per
263 1869 397 1930 furorem)
407 1874 438 1918 ut
448 1866 532 1933 Bacis
544 1868 687 1931 Boeotius,
698 1874 731 1919 ut
740 1869 920 1936 Epimenides
932 1870 1014 1933 Cres,

119 1977 121 1982 .
202 1945 236 1990 ut
246 1936 357 2004 Sibylla
367 1937 534 2005 Erythraea.
571 1938 656 1989 Cuius
672 1940 781 2005 generis
798 1939 911 1991 oramila
922 1939 1013 1991 etiam

202 2005 333 2074 habenda
342 2013 415 2069 sunt,
429 2022 484 2058 non
496 2023 538 2069 ea,
554 2023 624 2073 quae
634 2009 759 2074 aequatis
769 2010 894 2061 sortibus
906 2007 1014 2060 ducun-

203 2084 259 2136 tur,
272 2076 320 2128 sed
331 2077 389 2138 illa,
400 2093 470 2145 quae
481 2077 618 2128 instinctu
629 2077 722 2142 divino
733 2076 882 2145 afflatuque
893 2078 1015 2129 fundun-

200 2154 259 2198 tur.
296 2146 358 2197 Etsi
369 2147 431 2213 ipsa
441 2162 501 2198 sors
513 2146 713 2198 contemnenda
723 2163 777 2198 non
789 2155 841 2211 est,
850 2148 876 2199 si
887 2150 1013 2200 auctori·

204 2222 293 2268 tatem
304 2215 388 2268 habet
398 2219 557 2277 vetustatis,
565 2222 597 2266 ut
606 2230 656 2267 eae
666 2223 731 2267 sunt
740 2223 838 2280 sortes,
850 2233 920 2284 quas
931 2225 1015 2273 eter-

202 2301 239 2338 ra
254 2286 342 2339 editas
359 2288 528 2355 accepimus:
547 2301 618 2353 qnae
633 2291 727 2337 tamen
748 2286 847 2339 ductae
860 2294 893 2338 ut
906 2288 937 2339 in
951 2301 1024 2348 rem!

204 2362 269 2424 apte
289 2356 402 2419 cadant,
422 2356 484 2408 fieri
504 2355 587 2407 credo
605 2370 688 2421 posse
703 2355 844 2408 dirinitus.
884 2355 1016 2418 Quorum

180 2436 182 2441 '
206 2426 327 2478 omnium
338 2428 518 2493 interpretes,
534 2432 566 2474 ut
575 2424 929 2493 Grammaticipoctarum,
948 2441 1016 2493 pro·

204 2496 278 2547 xime
290 2495 324 2546 ad
339 2511 448 2557 eorum,
469 2508 540 2561 qnos
553 2494 786 2560 interpretantur,
807 2494 1016 2548 divinationem

203 2565 333 2617 videntur
347 2565 488 2616 accedere.
525 2561 567 2614 35.
587 2561 665 2622 Quae
681 2569 724 2615 est
737 2565 825 2633 igitur
835 2565 892 2616 ista
902 2566 1017 2617 callidi·

204 2640 308 2696 tannes
318 2639 458 2686 vetustate
470 2632 599 2683 robustas
610 2633 803 2684 calumniando
813 2633 886 2686 relic
898 2649 1018 2701 perver-

204 2702 281 2756 teret
302 2703 365 2755 Non
380 2701 490 2769 reperio
506 2715 641 2753 caussam
676 2702 762 2755 Latet
776 2701 901 2756 fortasse
912 2704 1017 2758 obsco.
