2084 3025
104 83 108 90 Α
150 126 186 180 ro
332 115 782 173 nauaruusaaoaunr
821 83 828 90 ’

150 225 211 279 102.
221 223 301 277 Nihil
311 221 403 285 babet,
415 217 518 289 inquit,
525 222 639 290 negotii.
672 220 803 273 Profecto
814 219 959 286 Epicurus,

153 296 231 363 quasi
242 293 449 360 pueridelieatl,
460 291 530 342 nibil
537 292 693 344 cessatione
699 291 959 342 meliusexistimat.

153 362 261 417 XXXV
262 364 295 414 ll.
314 364 351 414 At
360 362 417 428 ipsi
428 368 523 413 tamen
538 363 633 427 pueri,
652 363 735 412 etium
746 376 828 427 quum
841 364 961 420 (essunt,

154 432 354 486 exercitatione
371 431 464 497 aliqua
482 431 595 488 ludicra,
606 431 793 482 delectantur:
813 429 903 480 Deum
919 427 962 477 sio

154 503 285 554 feriatum
296 500 423 551 volumus
435 502 590 552 cessatione
601 506 725 567 torpere,
745 505 791 561 ut',
809 499 834 549 si
848 514 878 550 se
888 510 963 548 oom-

154 572 288 632 moverit,
303 584 449 621 vereamur
458 586 493 622 ne
502 572 602 622 beatus
613 585 673 622 esse
683 585 738 630 non
748 568 846 634 possit.
882 567 965 618 Haeo
1035 583 1037 586 ’

95 701 97 706 y
155 640 270 707 [o]ratio
282 654 337 691 non
347 638 431 691 modo
441 638 517 690 Deos
528 639 633 705 spoliat
643 646 722 690 motu
733 645 762 690 et
771 639 882 689 actione
893 635 964 686 divi·
1025 651 1029 656 ·

145 726 200 771 aa,
211 710 261 761 sed
271 710 356 761 etiam
367 707 493 760 homines
502 709 606 761 inertes
613 709 710 772 ellieit3
720 709 746 759 si
753 707 865 773 quidem
876 720 965 774 agens

94 825 96 830 .
156 778 271 846 aliquid,
284 795 318 831 ne
328 778 404 829 Deus
415 777 537 844 quidem,
549 793 610 831 esse
619 780 718 830 beatus
728 783 830 843 potest.

98 843 100 850 ‘
209 846 269 899 103.
286 846 390 900 Verum
400 848 438 898 sit
449 862 525 908 sane,
545 855 577 898 ut
588 848 683 910 vultis,
699 845 785 917 Deus,
800 844 906 913 effigies
916 842 967 895 ho·

157 918 239 968 minis
250 922 279 969 et
289 918 393 984 imago.
423 916 504 980 Quod
516 917 576 968 eius
586 923 629 968 est
639 916 825 968 domiciliuml
838 929 910 982 quae
922 928 968 964 se·

158 986 224 1039 desi
243 986 290 1052 qui
300 986 398 1038 loeusl
418 1001 488 1052 qnae
499 984 685 1039 deindeaotio
696 985 791 1038 situel
810 987 910 1052 quibus
922 998 968 1036 re·

112 1069 114 1078 ’
155 1058 217 1118 bus,
227 1055 258 1106 id
268 1056 342 1122 quod
353 1056 446 1117 vultis,
456 1055 557 1107 beatus
567 1055 628 1106 esti
648 1056 750 1107 Utatur
761 1054 835 1107 enim
846 1054 904 1104 suis
915 1054 967 1104 bo·
983 1069 989 1086 ¹

155 1126 198 1175 nis
209 1132 329 1191 oportet,
341 1131 370 1177 et
380 1124 499 1186 fruatur,
514 1126 561 1191 qui
570 1124 669 1187 beatus
680 1125 791 1184 futurus
801 1130 853 1175 est.
889 1122 968 1173 Nam

155 1195 235 1246 loeus
256 1194 367 1260 quidem
387 1195 422 1245 iis
445 1194 530 1246 etiam
551 1195 674 1257 naturis,
696 1209 768 1261 quae
783 1194 845 1244 sine
859 1192 968 1246 animis

156 1270 235 1326 sunt,
254 1279 321 1313 suus
332 1268 375 1314 est
386 1263 485 1332 cuique
496 1266 638 1331 proprius,
659 1271 691 1315 ut
702 1261 912 1332 terraliulinrum
923 1268 967 1313 te·
1036 1303 1037 1308 ,

156 1339 232 1393 neat,
241 1331 313 1383 hane
323 1332 440 1384 inundet
450 1349 537 1400 aqua3
554 1335 682 1400 superior
692 1334 786 1404 aeri*q
802 1332 913 1400 ignibus
924 1330 967 1381 al·
1036 1357 1037 1398 q

156 1402 267 1453 tissima
287 1416 337 1452 om
355 1402 498 1454 reddatur.
540 1403 700 1455 Bestiarum
721 1408 823 1454 autem
834 1408 969 1453 terrenae
1036 1413 1037 1480 q

64 1499 67 1504 >
156 1477 221 1536 sunt
231 1471 314 1532 aliae,
324 1471 426 1537 partim
437 1473 584 1539 aquatiles,
601 1473 676 1526 aliae
686 1471 766 1540 quasi
777 1471 921 1539 ancipites,
934 1469 968 1522 ln

155 1548 274 1608 utraque
288 1541 355 1592 sede
375 1542 515 1595 virentes:
535 1550 602 1594 sunt
616 1543 751 1611 quaedam
774 1543 873 1605 etiam,
892 1554 969 1607 quao

155 1610 215 1676 igni
226 1610 302 1663 nasei
316 1616 459 1677 putentur,
473 1619 682 1680 appareantque
693 1614 722 1664 in
734 1611 893 1663 ardentibus
905 1609 967 1661 for·

144 1678 271 1731 ‚trucibus
281 1694 364 1746 saepe
374 1680 536 1737 volitantes.
565 1682 624 1735 tor.
641 1682 751 1743 Quaero
757 1681 858 1748 igitur,
868 1686 968 1732 vester

154 1747 231 1800 Deus
244 1749 426 1816 primumubi
443 1750 563 1803 habitet:
583 1750 683 1803 deinde
698 1767 771 1818 quae
785 1765 884 1803 caussa
898 1764 965 1802 eum

153 1817 219 1870 loco
234 1825 359 1881 moveat3
379 1818 404 1870 sl
419 1819 503 1872 modo
515 1827 644 1873 movetur
660 1820 824 1887 aliquando:
843 1819 967 1887 post[re·

154 1885 226 1954 mo],
246 1902 329 1954 quum
340 1885 393 1939 boc
403 1891 547 1955 proprium
559 1891 598 1941 sit
608 1890 800 1953 aniarantium,
810 1898 844 1941 ut
856 1887 966 1956 aliquid
1035 1914 1036 1943 ς

154 1964 296 2023 appetant,
316 1957 389 2025 quod
406 1958 443 2010 sit
458 1974 562 2011 eorum
574 1966 691 2027 naturae
701 1960 982 2022 ‚aoeommodatumr
1035 1958 1036 1987 ³

153 2024 230 2079 Deus
241 2027 306 2094 quid
317 2032 446 2095 appotatr
456 2027 492 2078 ad
502 2044 585 2096 quam
595 2029 715 2098 denique
722 2044 782 2082 rem
792 2035 872 2081 motu
886 2042 965 2079 men-

153 2095 192 2146 tis
211 2111 245 2148 ae
264 2099 374 2150 ratione
391 2103 504 2149 utatur-r
518 2105 671 2166 postremo,
691 2114 747 2165 quo
763 2098 847 2150 modo
861 2098 965 2149 beatam

154 2164 201 2226 sit,
215 2181 269 2233 quo
280 2166 362 2218 modo
374 2173 513 2237 aeternus.
550 2167 691 2234 Quidquid
703 2168 776 2221 enim
786 2166 886 2219 horum
897 2167 966 2221 atti·

92 2283 94 2287 ,
154 2235 238 2302 geris,
253 2235 332 2286 uleus
344 2241 395 2288 est.
429 2236 474 2291 lta
484 2234 558 2290 mole
572 2238 702 2293 instituta
717 2238 791 2288 ratio
803 2234 909 2291 exitum
920 2251 964 2289 re-

108 2340 111 2347 ·
154 2304 247 2369 perire
258 2320 312 2354 non
323 2310 425 2369 potest.
462 2304 522 2359 105.
541 2306 588 2359 stc
602 2308 675 2359 enim
691 2305 818 2370 dicebas,
838 2305 964 2374 speeiem

153 2371 208 2425 Ilei
220 2373 324 2439 percipi
337 2373 517 2439 cogitatione,
528 2392 582 2427 non
593 2392 692 2429 sensu:
705 2392 757 2429 neo
768 2392 829 2430 esse
838 2377 867 2426 in
878 2390 913 2427 ea
921 2375 966 2427 ul·
1034 2382 1035 2395 ³

153 2440 210 2491 lam
221 2439 405 2504 soliditatem,
417 2459 505 2511 neque
514 2445 640 2500 esordem
651 2445 687 2501 ad
698 2460 841 2497 numerum
852 2459 966 2511 parma·
1034 2450 1035 2511 l

150 2524 233 2569 nere,
257 2523 374 2575 eantque
385 2527 446 2563 osse
458 2514 517 2566 eius
527 2516 676 2576 visionem,
695 2514 922 2567 ut-similitudine
934 2519 967 2566 et
1034 2514 1035 2529 ¹

152 2577 319 2629 transitione
330 2595 345 2630 o
364 2589 469 2644 matur,
489 2598 578 2655 oeque
589 2585 702 2639 deliciet
713 2599 843 2651 umquam
853 2598 890 2636 ex
901 2583 966 2635 inli-

151 2643 219 2701 aitis
230 2594 394 2713 carponius
403 2651 539 2706 similium
551 2655 690 2711 secessim
702 2669 740 2711 ex
750 2668 839 2722 eoquo
848 2653 922 2718 tlerl,
930 2659 967 2706 at
