2084 3025
187 134 189 138 ’
289 157 295 161 ’
338 135 666 241 c'opr'snnsrro
770 142 802 245 ‘,
847 167 927 224 tae„
977 149 981 157 ’

90 279 158 337 dne
167 276 303 346 refugiat,
322 277 406 345 idque
417 277 442 329 si
456 277 513 329 ullo
525 277 553 328 in
565 291 629 331 easu
642 266 796 343 contingit]
818 282 901 336 certe,

91 366 180 420 quum
191 350 289 401 dolore
300 347 458 415 affligimur,
468 348 589 406 maxime
599 347 672 401 solet
683 347 801 399 evenire.
821 342 904 410 Quod

93 436 131 475 ex
143 421 227 481 eolit,
244 418 317 486 qnod
331 417 421 484 erepti
430 417 476 471 vel
487 417 569 469 amici
580 417 625 467 sel
637 416 727 479 allicis
738 415 784 467 vel
796 413 846 465 tilii
859 428 904 464 co·

95 492 199 559 gitatin
213 489 285 542 adeo
297 487 377 539 nobis
388 493 470 554 grata
480 493 541 551 est,
561 486 635 554 quod
648 487 727 538 illum
758 489 904 547 aenennte
977 547 979 552 .

47 621 49 624 Α
95 561 194 613 ocules
205 559 376 611 constituere
386 557 525 620 videatur,
536 563 576 618 ut,
593 557 678 612 etiam
689 556 714 606 si
745 556 852 609 olorem
863 567 905 604 re·

95 627 183 682 fricet
193 635 222 680 et
236 629 366 684 lacrimas
379 626 488 689 eliciat,
503 633 670 686 tamencum
683 626 822 692 deponere
833 621 905 674 noli·

95 715 168 765 mus.
204 699 252 760 Ac,
264 698 288 748 si
300 697 335 748 ad
351 696 550 749 consolandum
561 696 685 747 remedia
694 699 852 762 suppetent,
864 698 906 743 ta·

95 784 162 821 meo
172 766 243 821 nibil
259 767 362 830 orions,
382 781 462 833 quam
475 765 678 825 consolantium
690 765 788 827 verba,
811 761 907 818 audia-

96 850 168 890 mus.
196 837 346 888 Falluntur
364 851 431 891 sune
453 839 585 903 graviter,
607 835 715 902 quiite
736 838 835 901 agunt:
858 829 908 883 sed
930 874 934 883 ,

96 906 172 960 hunc
183 920 321 968 errorem,
342 921 396 972 quo
409 918 578 974 magnopere
590 905 777 967 delectantur,
796 901 850 953 sibi
862 917 907 953 ex·

39 1000 57 1019 ⁸
97 978 226 1045 torqueri
240 975 354 1029 vnolunt.
390 977 483 1038 Quare
501 991 582 1026 suum
593 976 642 1026 uni
653 976 752 1042 cuique
772 971 907 1032 studium,

98 1062 205 1113 suaque
223 1046 350 1098 omuibus
366 1045 517 1100 delectatio
533 1045 717 1112 relinquatur,
753 1042 816 1095 Non
832 1041 906 1092 enim

97 1131 208 1178 vereor,
221 1115 299 1182 quin,
318 1115 343 1165 si
353 1115 481 1169 miuus-in
491 1115 553 1188 ipso
566 1115 674 1167 doloris
685 1119 764 1166 aestu
774 1109 907 1164 remediis

97 1185 235 1245 utendum
246 1182 371 1236 bassines
382 1192 522 1246 censeant,
540 1191 626 1247 certe,
644 1198 727 1251 quum
738 1181 849 1234 modice
859 1179 907 1230 do·

97 1254 147 1308 lor·
155 1253 301 1315 resederit,
312 1269 346 1307 ac
353 1266 384 1306 se
393 1253 519 1320 paullum
530 1255 766 1321 quasiremittere
773 1250 907 1317 coeperit,

98 1323 137 1376 ad
146 1323 361 1394 exstinguendas
370 1323 477 1375 doloris
487 1324 621 1391 reliquias
630 1323 737 1378 monita
746 1325 908 1388 praecepta·

98 1409 154 1461 que
175 1392 272 1445 nostra
294 1391 486 1449 adhibeantur.
522 1392 606 1444 Nihil·
621 1401 713 1447 autem
737 1392 909 1449 utiliorem,

100 1478 184 1532 quam
196 1461 265 1516 haec
275 1461 370 1515 eadem
380 1462 409 1517 in
419 1462 567 1531 uoluptate
583 1478 616 1514 ac
630 1462 742 1516 laetitia
750 1465 908 1583 fertranu-

98 1549 132 1585 re
142 1540 226 1600 atque
237 1534 266 1586 iu
276 1533 402 1584 manibus
414 1531 525 1588 babere.
561 1532 607 1586 Sic
621 1534 749 1589 enimet
763 1531 807 1598 egi
824 1536 909 1599 atque
957 1579 960 1583 .

47 1600 50 1612 ⁵
100 1601 262 1655 adverbum
276 1601 375 1663 edisci,
386 1608 414 1653 et
424 1602 536 1668 penitus
546 1603 698 1655 memoriae
708 1600 836 1658 mandari
846 1615 909 1668 pos·

99 1678 173 1734 sunt,
192 1679 238 1734 ut,
261 1687 344 1738 quum
356 1671 518 1723 inanimum
534 1673 643 1740 penitus
654 1670 827 1732 influxerint,
848 1676 908 1721 tum

99 1740 243 1795 exhauriri
254 1757 286 1792 ac
296 1755 411 1812 prorsus
423 1741 498 1798 elabi
510 1757 565 1793 non
575 1742 661 1794 facile
672 1748 784 1809 queant.
812 1740 856 1790 lta
866 1740 908 1802 fit;

99 1817 147 1875 ut,
171 1828 255 1879 quum
275 1817 389 1882 repente
411 1811 493 1866 delur
510 1811 625 1875 invasit,
646 1818 706 1864 tum
728 1811 764 1862 iis
783 1817 907 1860 utamur:

98 1896 180 1949 quae,
194 1882 248 1935 nisi
259 1887 324 1935 ante
336 1885 469 1946 percepta
479 1885 507 1931 et
518 1884 631 1948 cognita
641 1882 710 1943 sint,
729 1881 835 1947 impetu
846 1880 907 1946 ipso

100 1951 208 2004 doloris
220 1952 395 2011 incurrente,
417 1950 501 2016 plane
517 1950 621 2017 depelli
636 1958 721 2018 atque
736 1948 849 2002 excludi
864 1963 909 1998 so·

97 2022 168 2074 lent.
205 2020 347 2072 Sensimus
357 2018 412 2070 boc
422 2020 451 2069 in
462 2021 635 2092 nobisipsis:
658 2037 709 2072 nec
720 2035 816 2087 parum
827 2018 907 2069 nobis

99 2090 207 2154 obluit,
220 2088 300 2146 ,hane
311 2088 469 2140 universam
487 2090 621 2147 adversus
632 2090 757 2143 dolorem
770 2103 908 2140 commen·

97 2156 236 2214 tationem
253 2173 307 2209 non
322 2158 411 2213 multo
427 2165 493 2210 ante
504 2160 598 2211 animo
611 2165 745 2214 semente
758 2157 908 2226 percurris·

58 2237 61 2242 ’
99 2247 140 2285 se.
170 2228 304 2295 Quamvis
314 2229 389 2280 enim
401 2228 557 2295 permultos
572 2228 801 2297 pbilosophorum
818 2227 907 2294 libros

59 2363 69 2372 ἢ
100 2301 146 2353 vel
158 2302 192 2352 de
202 2301 289 2360 luctu,
310 2298 355 2349 vel
367 2298 400 2349 de
412 2304 503 2356 morte
514 2299 584 2358 satis
596 2306 724 2351 accurate
734 2298 909 2365 legissemus,

100 2376 134 2421 nt
145 2367 341 2436 Theophrasti,
361 2369 539 2428 Xenocratis,
553 2370 689 2431 aliorum,
710 2382 779 2435 quos
791 2380 908 2417 comme·

43 2455 46 2464 ¹
100 2455 214 2492 morare
223 2438 292 2489 nihil
304 2438 420 2493 attinet:
432 2443 527 2488 tamen
539 2437 593 2490 hoc
604 2455 658 2490 non
670 2439 733 2489 ideo
744 2438 907 2497 feceramus,

99 2509 174 2577 quod
192 2514 355 2561 eventurum
377 2513 549 2576 putaremus,
570 2514 603 2559 ut
623 2509 661 2564 ils
681 2507 751 2573 ipsis
767 2508 796 2575 in
811 2512 907 2557 nostru

99 2593 228 2631 mamere
241 2584 392 2630 uteremur.
429 2579 804 2646 ltaquenequerleetionem,
825 2590 907 2641 quan·
977 2592 979 2595 ⁴

99 2654 161 2702 tum
173 2649 353 2715 oportuisset,
365 2653 535 2712 accuratam,
552 2664 606 2701 aec
614 2648 777 2700 memoriam
789 2646 858 2696 satis
867 2644 907 2694 in-

99 2723 207 2773 tentam
219 2715 403 2773 adhibuimus.
440 2719 513 2772 Casu
531 2727 625 2773 autem
636 2718 783 2787 repentino
796 2729 908 2785 oppress
