2084 3025
79 120 82 121 ν
175 82 229 138 278
475 78 537 131 DE
565 77 690 130 Fn'ro

178 186 227 257 qui
245 185 317 239 tales
333 183 541 238 enuntiationes
553 198 609 237 ,nco
622 193 767 233 veras-nec·
777 179 943 236 falsasesse
955 180 999 235 ὦ·

135 306 145 312 ,
163 263 257 312 wi:
278 262 335 318 aut,
357 268 439 323 quum
450 255 480 325 ici
490 255 593 321 pudet,
604 252 783 304 illubtamcn
794 251 902 316 dicunt,
919 253 1001 320 quod

180 334 224 382 ost
233 327 434 395 impudentius,
454 337 659 378 veras-esseex
670 322 818 375 contrariis
829 323 1003 375 disiunctio·

178 414 241 450 nes:
260 397 311 450 sed
332 412 403 464 qnae
419 397 449 446 in
463 393 506 448 bis
524 395 670 447 enuntiata
685 399 790 454 essent,
811 408 910 444 eorum
925 410 1000 446 neu·

178 473 254 527 trum
265 482 442 518 essetecum.
472 464 521 517 38.
541 462 941 526 O'adt'ninabiiem'liccntiam,
961 470 1002 517 -et

177 536 365 590 miserabilem
376 535 516 589 inscitiam
528 533 694 586 disserendi!
713 532 828 585 Sionim
840 533 956 602 aliquid
964 535 1002 588 in

178 607 397 674 eloquendonec
407 621 501 657 nerum
513 621 566 659 nec
575 604 677 658 falsum
684 609 740 664 -est,
763 609 839 655 certe
849 603 880 655 id
892 616 1001 656 verum

65 716 81 727 .
94 734 99 743 Ι
176 690 232 728 non
241 682 295 729 cst.
332 676 519 739 quodantem
530 688 692 726 verumnon
704 678 755 734 est,
772 679 818 740 qui
829 678 1002 739 potest-non

97 746 111 755 ‘'
177 745 280 799 falsum
291 745 374 807 essoi¹
386 751 434 796 aut
444 743 633 810 qnod‘ialsum
643 759 699 795 non
709 751 759 804 est,
770 749 820 812 qui
827 741 925 809 potest
936 759 1002 797 non

176 833 272 871 serum
282 815 364 868 >ossei
378 814 538 867 ,Tenebitur
558 829 624 889 engo
640 813 683 874 id,
705 813 779 878 quod
792 829 816 864 a
830 812 999 880 Chrysippo

177 886 351 940 defenditur:
373 884 489 938 Omnem
510 884 732 934 enuntiationem
754 888 802 932 aut
821 898 920 934 veram
944 893 1000 936 aut

177 956 279 1010 falsam
291 970 364 1007 esse:
380 955 454 1009 catio
465 955 529 1020 ipsa
540 960 629 1022 coget,
641 958 669 1004 ot
681 967 716 1003 ex
727 953 1002 1020 aeternitatesquae·

129 1050 130 1057 ¹
178 1027 244 1079 dam
254 1023 322 1077 vera
333 1024 417 1085 esse,v
427 1029 456 1076 et
465 1021 500 1076 ea
510 1038 637 1076 non-csse
653 1028 726 1075 nexa
734 1023 1000 1088 caussisaetcsnis,

177 1104 208 1151 et
218 1113 234 1148 a
245 1095 299 1147 fati
309 1095 478 1150 necessitate
490 1109 551 1146 esse
564 1095 661 1147 libana,

127 1167 131 1171 ’
216 1163 379 1217 -xv11.·3e.
390 1167 429 1216 Ac
448 1163 516 1217 mihi
536 1165 648 1230 quidem
668 1161 793 1225 videtur,
808 1177 901 1230 quum
912 1161 1002 1216 {duae

177 1235 338 1290 sententiae
344 1233 463 1286 tuissent
473 1231 600 1287 vetemm
607 1230 856 1300 pbilosophorum,
872 1247 935 1295 -una
948 1249 1001 1286 eo·

177 1321 249 1368 rum,
261 1304 581 1372 squifcenserentomnia
592 1304 635 1355 ita
644 1303 705 1354 fato
716 1302 791 1365 iieri,
811 1308 846 1353 ut
856 1302 888 1352 id
899 1302 1000 1357 iatum

177 1374 234 1428 viin
244 1373 423 1429 necessitatis
433 1375 562 1437 afferret,
583 1376 680 1441 inqua
691 1373 833 1426 sententia
846 1372 1001 1426 Democri·

177 1454 234 1509 tus,
243 1446 417 1508 Heraclitus,
427 1445 621 1516 Enipedoclos,
631 1444 799 1495 Aristoteles
811 1442 881 1507 iuit3
899 1443 1001 1497 altera

177 1531 276 1572 eorum
283 1555 292 1581 ,
311 1518 411 1585 quibus
422 1517 583 1569 viderentur
593 1517 654 1567 sine
664 1516 724 1567 uilo
736 1512 870 1568 iato'esse
882 1517 1001 1567 animo·

176 1602 239 1644 rum
250 1587 528 1642 motusnoluntarii:
550 1586 741 1654 Chrysippus,
760 1591 906 1653 tamquam
918 1586 1003 1654 arbi·

178 1665 224 1713 ten
234 1657 411 1720 honorarius,
422 1658 545 1709 medium
556 1655 641 1710 ferne
652 1656 791 1708 voluisses
801 1655 850 1708 sed
863 1651 1002 1723 applicat

176 1747 207 1782 se
219 1727 254 1781 ad
265 1743 314 1782 eos
325 1729 430 1796 potius,
451 1729 500 1794 qui
509 1728 679 1784 necessitate
690 1732 786 1777 motus
797 1727 909 1778 animos
920 1727 1001 1782 libe·

171 1806 254 1853 totos
266 1800 374 1854 nolunt.
407 1797 482 1848 Dum
493 1803 589 1867 autem
599 1798 691 1850 verbis
702 1798 792 1848 utitur
802 1798 869 1859 suis,
882 1784 1001 1852 de'iabi·

175 1868 263 1921 turin
280 1880 327 1921 eas
339 1867 542 1931 difficultates,
561 1874 597 1918 ut
607 1866 877 1920 necessitatcmiati
888 1871 1000 1922 confir·

175 1944 233 1993 niet
244 1938 358 1991 invitus.
370 1939 521 2006 ,eo-Atque
526 1937 624 2000 1boo,si
632 1937 736 2005 ¹placet,
745 1937 887 2004 qualesit,
894 1939 1000 1993 videa·

177 2023 238 2060 nnus
247 2009 276 2058 in
288 2008 513 2072 assensionibus,
527 2023 603 2076 ,quas
612 2007 705 2075 ,prima
716 2008 845 2060 oratione
855 2011 1000 2067 tractavi.

178 2079 232 2130 Eas
250 2078 331 2130 enini·
341 2085 451 2133 veteres
467 2080 524 2142 ilii,
539 2079 643 2147 ,quibus
655 2078 906 2142 omnia.1ato·'fieri
916 2080 999 2134 nide-

176 2149 289 2211 bantur,
308 2149 335 2200 ui
346 2148 418 2202 effici
428 2150 637 2216 ci-neccssitate
646 2149 786 2202 dicebant.
824 2148 882 2211 Qui
894 2156 999 2203 autem

129 2225 134 2228 ’
178 2218 213 2269 ab
224 2217 268 2269 bis
281 2218 492 2282 dissentiebant,
502 2218 564 2270 faio
577 2221 752 2271 assensiones
759 2218 933 2284 liberabant,
943 2236 1000 2273 ne·

178 2288 350 2356 gabantque‚
370 2289 429 2340 fato
446 2290 656 2342 assensionibus
674 2288 816 2351 adhibito,
837 2290 999 2340 necessita·

179 2365 236 2410 teni
255 2358 290 2409 ab
311 2356 355 2408 bis
372 2373 455 2425 posse
472 2360 624 2412 removeri:
646 2361 722 2425 iique
738 2360 780 2409 ita
793 2351 1000 2413 disserebanis

174 2426 314 2479 .Sion1nia
325 2427 385 2482 fato
398 2429 477 2492 fiunt,
490 2430 585 2480 omnia
596 2431 667 2481 fiunt
679 2443 778 2479 caussa
789 2429 1001 2484 antecedente:

177 2503 215 2559 ct,
230 2497 256 2549 si
268 2499 424 2565 appetitus3
444 2499 496 2569 illa
506 2500 603 2560 ctiam,
621 2515 693 2567 quae
703 2499 857 2565 appetitum
868 2515 1004 2566 sequun-

179 2572 234 2619 tur.
270 2567 346 2633 Engo
358 2570 444 2620 etiam
455 2570 640 2622 assensiones.
678 2572 722 2631 At,
734 2568 759 2617 si
771 2583 871 2619 caussa
882 2570 1005 2634 appeti-

178 2640 225 2687 tus
237 2650 292 2688 non
311 2644 354 2691 est
372 2640 428 2692 sita
439 2639 468 2689 in
484 2638 581 2701 nobis,
601 2655 636 2691 nc
648 2640 709 2707 ipse
719 2636 829 2705 quidem
846 2639 1003 2704 appetitus
