2084 3025
197 119 251 184 15⁴
417 127 474 182 uu
491 92 797 182 nivrusrrou'u'
871 150 874 155 »

250 229 288 287 V.
301 231 331 287 ,8.
349 229 457 295 Quibus
473 230 605 286 derebus
616 238 646 286 et
662 232 734 285 alins
750 245 847 299 saepe,
868 233 898 283 ct
913 228 1012 313 pando

199 303 359 355 accuratius
371 318 472 369 nuper,
492 319 577 371 quum
594 318 683 355 essem
695 318 757 353 cum
769 301 801 363 Q.
812 300 904 353 fratre
915 316 944 352 ru
955 303 1015 353 Tu·

199 372 324 435 sculano,
331 371 502 440 disputatum
513 380 566 426 est.
581 373 653 425 Nam
665 388 748 441 quum
759 370 1016 423 ambulandi-eaus-

200 457 234 494 ια
251 441 282 492 ia
298 441 623 509 Lyceumennsenus:
646 442 694 504 (id
709 443 782 493 enim
797 440 940 509 superiori
956 439 1016 509 Gy·

200 511 309 564 mnasio
320 527 420 564 nomeu
431 516 490 575 est)
499 510 624 581 Perlegi,
640 513 690 563 illc
700 513 804 578 inquit,
823 517 902 561 tuum
914 511 1016 577 paullo

200 587 266 634 ante
285 583 399 635 tertium
418 582 454 634 de
466 588 568 642 natura
581 583 719 646 Deorum3
740 583 769 633 in
784 595 838 648 quo
855 580 1016 647 disputatio

200 653 315 714 Cottae,
334 667 502 720 quamquam
524 652 706 704 labefactavit
726 652 895 704 sententiam
910 665 1016 714 meam,

190 730 256 773 'uon
267 720 393 772 funditus
403 728 498 774 tamen
508 724 630 774 sustulit.
667 723 777 789 Optime
787 736 867 782 vero,
887 720 1016 787 inquam.

181 800 187 809 '
199 791 311 843 Etenim
322 793 381 859 ipsc
393 793 477 844 Cotta
490 793 532 843 sie
551 794 689 859 disputat,
706 798 740 843 ut
751 791 909 845 Stoicorum
920 790 1017 857 magis
1030 834 1033 839 ,

113 866 115 873 “
201 868 368 928 argumenta
383 863 521 925 confutet,
543 879 627 930 quam·
640 861 784 913 homiuum
796 859 1017 927 deleatreligio·

202 946 275 982 nem.
312 933 384 983 Tum
394 931 528 998 Quintus,
548 933 661 983 Dicitur
676 932 788 1000 quidem
802 930 891 991 istud,
912 930 1017 997 inquit,

201 1002 329 1063 scotta,
350 1004 379 1053 et
389 1015 455 1052 vero
466 1003 591 1066 saepius:
612 1002 712 1064 credo}
730 1017 765 1053 ne
781 1000 940 1056 mmurunia
950 1000 1018 1053 iura

138 1073 140 1079 ’
200 1069 324 1136 migrare
338 1069 481 1120 videatur:
504 1070 554 1123 sed
569 1072 664 1123 studio
682 1076 779 1122 contra
792 1070 904 1120 Stoicos
927 1069 1017 1122 disse·

200 1137 283 1190 rendi
297 1137 374 1189 Deos
393 1137 463 1188 mihi
477 1138 591 1188 videtur
606 1139 732 1189 funditus
749 1139 859 1190 toilere.
894 1138 923 1190 9.
942 1139 1016 1192 Eius

200 1207 334 1269 orationi,
344 1221 400 1257 non
410 1220 481 1258 sane·
488 1207 627 1270 desidero,
642 1208 712 1274 quid
723 1207 922 1276 respondeam:
943 1209 1016 1263 satis

201 1277 276 1330 enim
291 1276 406 1328 defensa
420 1274 524 1344 religio
542 1284 585 1329 est
600 1279 629 1328 in
640 1278 762 1329 secundo
772 1279 845 1330 libro
857 1276 1015 1332 aLucilio=

201 1347 278 1399 cuim
296 1346 450 1413 disputatio
465 1349 521 1400 tibi
536 1347 605 1414 ipsi,
625 1354 656 1398 ut
670 1349 700 1399 iu
711 1354 835 1399 extremo
846 1349 935 1400 tertio
945 1350 1016 1403 scri·

200 1416 259 1478 bis,
279 1415 478 1468 adieritatem
493 1423 538 1470 est
553 1419 615 1469 visa
633 1419 812 1486 propensior.⁴
843 1417 913 1480 Sed,
935 1418 1015 1485 quod

198 1487 429 1556 praetermissum
440 1495 484 1540 est
493 1488 523 1541 in
534 1488 591 1540 illis
602 1488 690 1551 libris,
707 1488 800 1552 credo,
815 1489 880 1557 quia
888 1504 1016 1542 commo·

199 1553 478 1628 diuiar‘bitratuses,
490 1560 641 1626 separatim
652 1559 681 1610 id
693 1561 798 1626 quaeri,
811 1559 899 1627 deque
910 1575 946 1611 eo
958 1560 1017 1612 dis·

153 1675 155 1677 .
198 1630 271 1690 seri,
292 1629 389 1692 idest,
410 1628 446 1681 de
463 1627 647 1693 divinatione,
668 1636 793 1698 quaeest
804 1645 1017 1694 carumremm,

197 1712 270 1766 quae
285 1697 421 1751 fortuitae
441 1705 588 1766 putantur,
607 1699 764 1766 praedictio
781 1707 864 1766 atque
880 1715 1017 1765 praescn-

198 1769 256 1830 sio,
276 1768 318 1830 id,
339 1768 482 1833 sipiacet,
503 1769 660 1832 rideamus,
680 1785 760 1836 quam
772 1768 959 1833 habemini,
983 1776 1016 1823 ci

197 1837 283 1904 quale
294 1838 340 1889 sit.
375 1838 438 1905 Ego
454 1839 529 1889 enim
544 1840 585 1889 sic
595 1840 739 1891 existimo:
761 1840 785 1891 si
795 1840 852 1891 sint
862 1856 895 1891 ea
904 1855 1016 1907 genera

197 1906 344 1958 divinandi
358 1921 438 1970 vera,
459 1907 493 1960 de
509 1909 609 1975 quibus
623 1911 782 1977 acecpimus
800 1925 928 1981 quaeque
944 1910 1016 1963 ccii·

102 1992 105 1999 ·
197 1991 269 2037 mus,
279 1989 341 2027 esse
351 1976 440 2029 Deos:
460 1979 648 2047 vicissimque,
659 1982 684 2031 si
695 1982 744 2033 Dii
755 1981 817 2042 sint,
828 1994 899 2043 esse,
911 1980 959 2047 qui
969 1979 1016 2032 di·

197 2046 300 2097 rincnt.
337 2044 385 2099 Vl.
404 2045 446 2099 10.
472 2050 572 2102 Arcem
591 2057 623 2101 tu
643 2051 754 2118 quidem
775 2048 948 2113 Stoicorum,
968 2050 1015 2103 in·

198 2127 293 2182 quam,
313 2114 430 2180 Quinte,
451 2118 590 2181 defendis,
610 2120 636 2170 si
648 2120 757 2187 quidem
768 2120 825 2171 ista
837 2121 1016 2188 siereciprc·

120 2213 123 2225 ·
198 2190 310 2248 cantum
333 2192 412 2249 utet,
424 2188 449 2238 si
458 2188 596 2241 divinatio
608 2190 652 2251 sit,
663 2191 712 2243 Dii
723 2191 787 2250 siut,
799 2196 836 2253 et,
846 2192 872 2242 si
881 2190 932 2243 Dii
943 2191 1014 2254 sint,

197 2255 236 2305 sit
246 2252 392 2309 divinatio.
429 2257 553 2318 Quorum
565 2266 694 2312 neutrum
703 2267 762 2311 tam
774 2260 870 2323 facile,
883 2270 967 2329 quam
979 2266 1015 2313 tu

105 2333 107 2340 ’
198 2323 354 2386 arbitraris,
367 2328 535 2379 conceditur.
566 2328 637 2378 Nam
649 2334 678 2379 et
690 2337 789 2380 natura
799 2331 955 2399 significari
964 2329 1015 2381 fu-

195 2397 262 2444 tura
271 2394 332 2446 sine
341 2395 404 2446 Deo
419 2401 549 2461 possunt:
571 2403 612 2458 et,
633 2404 666 2448 ut
679 2400 737 2454 sint
747 2398 809 2461 Dii,
830 2408 925 2467 potest
935 2401 1014 2465 fieri,

196 2468 228 2522 ut
242 2463 321 2515 nulla
334 2464 371 2514 ab
385 2464 420 2516 iis
436 2463 575 2516 divinatio
589 2468 687 2533 generi
700 2466 821 2520 humano
838 2471 945 2523 tributa
958 2472 1015 2526 sit.

195 2529 285 2600 itque
295 2533 354 2595 iile,
367 2530 439 2582 Mihi
449 2548 526 2596 vero,
540 2536 641 2601 inquit,
662 2538 732 2588 satis
744 2545 787 2589 est
796 2541 962 2605 argumenti,
979 2547 1015 2595 et

107 2627 109 2632 ·
196 2615 258 2654 esse
276 2599 370 2664 Deos‚'
385 2607 414 2653 et
432 2617 487 2653 eos
502 2605 647 2657 consulere
668 2608 757 2659 rebus¹
770 2607 911 2675 humanis3
932 2613 1014 2678 quod

195 2682 258 2723 esse
278 2671 356 2722 clara
375 2676 404 2722 et
415 2667 766 2756 'perspicua-divinationis
781 2692 887 2746 genera
900 2681 1014 2740 iudico.
