2084 3025
177 112 230 170 rso
355 80 601 168 nsulsum
617 113 796 168 osonum

132 254 140 267 .
177 209 289 271 Matuta
299 217 415 282 dicitur,
434 235 517 286 quum
527 219 565 269 sit
577 218 675 270 Cadmi
685 208 761 270 illiat
779 218 869 271 'Circe
884 226 990 273 autem

178 292 206 338 et
218 287 353 354 Pasiphae
364 304 379 339 e
390 288 531 350 Perseide,
542 289 647 357 Oceani
656 289 724 350 tilia,
735 284 920 353 natae'patre
934 289 992 342 So·

177 355 215 417 le,
223 357 252 406 in
262 357 385 408 Deorum
395 372 509 409 numero
521 372 578 408 non
586 356 777 410 habebunturt
804 357 991 424 Quamquam
1014 420 1017 423 ,

179 425 276 476 Circen
288 441 396 493 quoque
408 424 502 478 coloni
511 428 601 477 nostri
608 427 777 478 Circeienses
787 427 925 494 religiose
940 443 991 479 eo·

148 510 152 516 ·
177 493 248 545 lunt
275 495 349 562 bbgo
362 495 532 547 hancDeam
543 496 626 546 dieis.
659 495 731 556 Quid
740 495 857 547 Medeae
866 510 992 562 respon·

179 560 272 614 debis?
291 579 361 629 quae
371 564 477 616 duobus
488 565 556 627 aris,
577 562 643 616 Sole
653 571 682 617 et
692 566 816 627 Oceano,
835 565 926 616 Aeeta
937 562 1000 631 pa?

177 638 228 694 tre,
240 638 329 684 matre
340 633 421 700 ld‘yia
432 640 579 700 procreata
589 638 643 685 est.
677 633 748 694 Quid
764 631 845 684 huius
855 634 990 700 Absyrto
1006 637 1009 649 '

177 699 260 752 fratri
266 737 274 763 ,
291 702 345 770 qui,
350 711 392 753 est
404 702 479 769 apud
488 701 639 753 Pacuvium
649 701 816 770 Aegialeus‘i
842 700 899 753 Sed
909 702 991 753 illud

97 806 107 815 =
177 785 279 822 nomeu
298 778 424 823 veterum
442 773 544 823 litteris
564 772 705 824 usitatius.
741 772 796 834 Qui
814 771 841 821 si
854 770 907 822 Dii
926 787 991 833 non

177 847 250 902 sunt,
260 856 359 907 rereor
370 840 435 908 quid
447 847 513 908 agat
524 840 584 892 loo.
609 841 689 892 Haec
700 841 773 892 enim
784 840 876 891 omnia
888 856 925 892 ex
937 855 990 892 eo·

178 909 239 961 dem
251 909 328 963 fonte
340 909 486 961 fluxerunt.
522 910 566 962 49.
584 912 626 961 An
635 909 821 975 Amphiaraus
828 909 909 961 Deus
918 910 990 972 erit,

178 985 207 1031 et
219 976 413 1046 Trophonius?
440 980 538 1031 Nostri
548 980 658 1045 quidem
670 979 823 1046 publicani,
836 994 930 1047 quum
942 995 993 1035 es:

179 1055 241 1099 sent
259 1050 321 1116 agri
335 1050 364 1099 ln·
380 1048 501 1101 Boeotio
516 1047 640 1100 Deorum
656 1048 857 1100 immortalium
868 1049 991 1115 excepti

177 1117 240 1184 lege
252 1119 393 1180 censoria,
410 1119 550 1185 negabant
564 1119 740 1170 immortales
752 1134 815 1170 esse
823 1118 916 1179 ullos,
934 1117 991 1184 qui

86 1180 91 1201 ‘
179 1186 328 1253 aliquando
339 1185 464 1238 homines
474 1187 601 1239 fuissent.
637 1187 692 1240 Sed
702 1188 728 1238 si
737 1193 801 1238 sunt
814 1186 846 1237 hi
856 1186 916 1252 Dii3
939 1193 990 1240 est

180 1263 262 1321 corte
275 1252 459 1319 Erechtheus,
481 1257 558 1307 cuius
572 1256 687 1308 Athenis
704 1263 733 1309 et
747 1256 893 1308 delubrum
909 1256 989 1312 ridi-

177 1341 251 1387 mus,
265 1332 298 1394 et
308 1326 494 1377 sacerdotem,
529 1324 617 1387 Quem
627 1327 652 1377 si
662 1326 752 1379 Deum
762 1326 892 1388 lacunas,
914 1325 990 1393 quid

179 1400 228 1446 aut
239 1394 273 1447 de
285 1395 375 1446 Codro
388 1393 517 1459 dubitare·
527 1411 689 1461 possumus,
699 1402 747 1447 aut
756 1395 790 1448 de
800 1395 912 1457 ceteris,
934 1395 991 1462 qui

177 1470 333 1532 pugnantes
344 1480 395 1533 pro
405 1467 514 1532 patriae
529 1465 662 1518 libertate
674 1464 860 1535 cecideruntls.
869 1464 947 1532 quod
960 1465 990 1517 si

197 1532 324 1587 robahile
337 1536 393 1587 no'n
407 1544 464 1587 est=
484 1552 518 1587 ne
533 1536 585 1586 illa
600 1536 712 1603 quidem
727 1535 889 1601 superiora,
907 1535 989 1588 unde

125 1648 128 1653 .
177 1549 247 1656 haec
256 1611 378 1668 manant,
387 1601 531 1672 probando
540 1611 612 1656 stmt.
640 1604 683 1657 50.
701 1605 786 1671 Atqui
799 1607 830 1655 in
839 1604 988 1671 plerisque

178 1674 339 1726 civitatibus
349 1676 471 1743 intelligi
481 1681 583 1740 potest,
601 1675 743 1741 augendae
753 1675 866 1725 virtutis
877 1674 988 1739 gratia,
1029 1721 1036 1740 ,

177 1758 232 1810 quo
254 1741 388 1796 libentius
403 1742 573 1810 reipublicae
594 1760 694 1795 caussa
714 1744 866 1809 periculum
886 1743 989 1797 adiret

178 1813 296 1879 optimus
307 1814 432 1880 quisque,
441 1815 563 1864 virorum
573 1813 689 1864 lortiuni
699 1814 860 1870 memoriam
872 1812 988 1867 honore

176 1881 300 1933 Deorum
321 1878 521 1932 immortalium
539 1890 737 1935 consecratam.
773 1884 817 1934 Ob
829 1897 891 1934 eam
905 1882 987 1935 enim

176 1952 267 2018 ipsam
279 1966 404 2001 caussam
416 1950 587 2003 Erechtheus
597 1951 712 2005 Athenis
729 1952 857 2019 tiliaeque
872 1952 934 2004 eius
952 1952 987 2005 in

176 2034 289 2071 nomem
301 2020 506 2073 Deorumsunt.
539 2022 662 2088 Itemque
672 2022 732 2074 Leo
742 2029 869 2073 natarum
879 2026 924 2073 est
934 2019 988 2073 de·

176 2088 286 2139 lubrum
296 2082 419 2154 Athenis,
429 2085 502 2159 q'uod
514 2085 670 2144 Leocorion
681 2093 846 2143 nominatur.
861 2090 988 2142 Alaban·

177 2156 275 2209 denses
287 2158 396 2227 quidem
408 2163 532 2213 sanctius
542 2160 714 2213 Alabandum
726 2162 835 2222 colunt,
844 2175 862 2210 a
871 2175 927 2227 quo
937 2166 987 2213 est

73 2231 80 2246 ⁴
176 2227 242 2278 urbs
258 2228 309 2279 illa
325 2229 452 2292 condita,
473 2245 554 2297 quam
571 2247 735 2297 quemquam
754 2230 892 2281 nobilium
905 2229 986 2281 Deo·

175 2311 250 2349 rum:
272 2299 345 2365 apud
356 2315 424 2365 quos
435 2316 490 2351 non
500 2301 634 2352 inurbane
645 2299 828 2362 Stratonicus,
836 2304 870 2350 ut
880 2300 984 2362 multa,

178 2379 261 2432 quum
282 2368 394 2435 quidam
415 2369 441 2420 ei
461 2370 595 2420 molestus
613 2369 786 2421 Alabandum
805 2369 899 2434 Deum
918 2385 984 2421 esse

81 2473 84 2481 ,
177 2436 361 2502 confirmaret,
377 2437 527 2490 Herculem
538 2445 665 2505 negaret:
687 2440 771 2505 Ergo,
790 2439 889 2505 inquit,
911 2437 986 2489 mihi
1015 2479 1023 2494 .

176 2502 349 2568 Alabandus,
374 2506 427 2557 tibi
441 2507 577 2558 Hercules
591 2508 629 2558 sit
642 2500 746 2560 'iratus
782 2505 844 2559 XX
863 2505 906 2559 51.
927 2508 987 2560 llla

177 2581 282 2639 autem,
295 2576 408 2637 Balbe„
423 2591 493 2642 quae
513 2582 544 2627 tu
560 2593 578 2627 a
593 2577 671 2628 caelo
692 2577 829 2644 astrisque
849 2576 987 2643 ducebas,

177 2657 258 2710 quam
271 2646 354 2724 longe
369 2651 497 2713 serpant,
516 2659 574 2706 non
588 2647 678 2699 rides:
700 2645 794 2699 Solem
804 2645 897 2698 Deum
909 2662 986 2712 esse,
