2084 3025
274 105 358 162 LIB.
376 106 397 162 1.
434 106 519 165 ΜΡ.
539 105 638 163 1n11.
814 107 850 164 1³

41 220 74 267 ut
84 229 120 267 ea
130 212 276 265 celeritate
283 218 513 279 contorqueatur,
524 214 569 265 cni
580 228 632 280 par
642 211 764 265 nullane
774 214 850 282 cogi·

41 284 100 336 tari
111 284 224 350 quidem
234 286 336 349 possit:
368 282 400 333 ln
412 298 465 349 qna
475 298 530 334 non
540 283 635 346 video,
650 283 761 335 ubinam
772 298 850 334 mens

42 358 177 405 constans
191 359 222 403 et
236 352 295 403 vita
308 352 394 404 beata
409 352 499 418 possit
511 353 655 405 insistere:
678 352 805 422 quodque
820 353 849 403 iu

11 483 12 486 Ἴ
43 428 142 473 nostro
154 423 307 487 corporeei
318 422 433 472 minima
444 436 478 473 ex
493 429 573 487 parte
587 422 773 490 significetur,
793 437 850 473 mo·

43 491 147 542 testum
163 491 212 540 sit:
232 503 281 540 cur
291 490 345 542 lsoc
359 490 433 542 idem
445 506 499 541 non
513 490 650 543 habeatur
659 492 808 543 molestum
821 491 850 541 in

11 565 14 574 '
44 559 123 611 Deci
141 560 233 611 Terra
242 561 316 610 enim
324 558 462 626 profecto,
474 563 604 627 quoniam
614 576 680 627 pars
692 560 785 611 mundi
797 566 850 622 est,

44 642 108 695 pars
120 635 164 681 est
175 630 263 680 etiam
273 629 337 680 Dei.
372 631 454 696 Atqui
464 635 556 682 terrac
566 631 701 682 maximas
712 632 850 698 regiones,

45 697 243 751 inhabitabiles
255 701 339 765 atque
354 699 474 750 incultas
484 699 620 761 videmus,
641 698 714 767 quod
730 714 796 766 pars
806 713 852 749 ca·

47 783 107 821 rum
125 768 244 833 appulsu
265 768 335 817 solis
357 769 505 829 exarserit,
526 784 590 835 pars
613 769 769 837 obriguerit
789 768 852 819 nive

47 838 209 906 pruinaque,
219 837 373 903 longinquo
384 837 453 887 solis
465 837 603 890 abscessu.
640 837 727 899 Quae,
735 838 762 889 si
775 851 852 888 mun·

48 906 96 958 dus
107 912 150 958 est
159 905 248 968 Deus,
258 907 388 972 quoniam
399 912 493 972 partes
505 907 598 957 mundi
610 914 684 966 sunt,
702 906 756 959 Dei
767 921 852 958 mem·

45 976 94 1029 bra
104 976 208 1044 partim
216 975 354 1038 ardentia,
366 977 467 1042 partim
474 977 640 1044 refrigerata
650 974 768 1027 dicenda
777 981 850 1027 sunt.

94 1045 139 1099 25.
158 1043 251 1112 Atque
260 1043 329 1096 baec
339 1044 450 1112 quidem
459 1053 562 1107 restra,
574 1045 676 1096 Lucili.
695 1045 853 1108 Quallare·

45 1131 77 1168 ro
89 1115 154 1178 sint,
166 1114 202 1165 ab
213 1113 314 1166 ultimo
323 1119 448 1180 repetam
460 1116 643 1181 superiorum.
662 1114 768 1167 Thales
778 1115 853 1166 enim

44 1184 192 1245 Milesius,
223 1184 272 1249 qui
291 1185 399 1250 primm
420 1183 456 1235 de
472 1185 580 1236 talibus
598 1185 682 1236 rebus
704 1184 853 1251 quaesivit,

45 1263 149 1321 aquam
162 1249 236 1303 dixit
251 1263 312 1303 esse
327 1253 442 1302 initium
456 1269 562 1316 rerum,
583 1254 673 1306 Deum
685 1261 779 1306 autem
791 1265 852 1304 eam

18 1337 21 1346 ·
46 1327 182 1381 mentem,
201 1337 274 1387 quae
284 1336 319 1372 ex
332 1335 406 1387 aqua
419 1329 518 1374 ennete
529 1324 654 1390 lingeret.
690 1323 720 1375 Si
731 1323 780 1373 Dii
792 1337 854 1389 pos·

45 1398 183 1445 suntesss
195 1392 355 1454 sine‘sensu,
370 1403 421 1441 eur
431 1407 518 1459 aquae
529 1395 669 1445 mentem*
678 1393 816 1453 adiunxit,
829 1391 855 1443 si

45 1464 108 1532 ipsa
120 1475 199 1512 mene
217 1467 348 1512 constare
365 1466 460 1526 potest
476 1476 578 1512 vacans
594 1463 726 1530 corporei
754 1460 854 1514 Anaxi·

45 1531 156 1585 mandri
166 1537 261 1583 autem
272 1531 367 1596 opime
378 1532 430 1591 est,
452 1533 563 1582 nativos
575 1548 637 1584 csse
648 1532 740 1594 Deos,
760 1531 854 1598 longis

47 1601 204 1655 intervallis
216 1601 340 1651 orientes
351 1598 574 1667 occidentesque,
584 1616 688 1667 eosque
697 1602 854 1651 innumera-

49 1672 116 1725 biles
126 1668 327 1739 ansemundus.
339 1666 393 1719 Sed
404 1683 457 1719 nos
466 1669 567 1730 Deum,
578 1669 635 1719 nisi
646 1669 854 1736 sempiternam,

11 1772 14 1784 ι
46 1741 210 1808 intelligere
221 1744 266 1806 qul
275 1736 438 1805 possumusl
459 1738 503 1791 26.
515 1737 585 1791 Post
593 1739 778 1790 Anaximenes
789 1743 855 1790 atra

46 1810 134 1862 Deum
145 1809 258 1871 statuit,
280 1823 397 1875 eumque
411 1806 503 1876 gigni,
524 1822 639 1876 esseque
650 1810 813 1862 immensum
827 1814 856 1859 et

47 1880 185 1931 inlinitum
196 1886 226 1930 ct
235 1889 346 1944 semper
360 1879 392 1929 in
405 1885 496 1930 motus
518 1881 599 1946 qnasi
610 1885 657 1931 aut
669 1884 717 1931 atr
727 1880 787 1933 sine
797 1879 856 1931 ulla

47 1947 138 2000 forma
147 1948 225 2000 Deus
236 1959 298 2000 esse
307 1948 408 2014 possit,
428 1960 511 2016 quum
521 1951 688 2015 praesertim
697 1950 788 2002 Deum
800 1964 855 2001 non

48 2019 129 2071 modo
151 2018 260 2085 aliqua,
279 2017 330 2069 sed
349 2016 649 2087 pulcherrimaspecie
664 2036 725 2072 esse
741 2020 854 2083 deceat3

49 2094 164 2140 autnon
174 2102 266 2150 omne,
283 2087 357 2155 quod
368 2093 459 2139 ortum
471 2088 518 2150 sit,
534 2089 693 2141 mortalitas
705 2103 855 2155 consequa-

48 2163 103 2209 tur.
119 2156 169 2209 Xl.
179 2156 248 2209 Inde
258 2159 449 2225 Anuagoras,
461 2159 509 2226 qui
520 2161 629 2226 accepit
640 2159 675 2210 ab
684 2161 855 2212 Anaximene

46 2224 237 2294 disciplinam,
245 2229 353 2295 primus
361 2229 484 2279 omnium
495 2243 587 2280 rerum
600 2229 815 2296 descriptionem
826 2233 856 2279 et

51 2295 176 2360 modum,
196 2298 298 2349 mentis
313 2297 441 2350 infinitae
454 2299 483 2348 vi
499 2298 657 2350 sermione
673 2297 815 2365 designari
826 2303 855 2348 et

50 2366 149 2419 confici
158 2367 261 2418 vrsluit:
280 2367 311 2419 in
323 2381 378 2434 quo
390 2380 444 2419 non
454 2367 534 2429 vidit,
545 2383 633 2435 neque
643 2374 749 2419 motum
761 2365 856 2418 sensui
905 2388 907 2393 v

50 2435 173 2489 iunctum
180 2442 212 2489 et
220 2438 419 2500 continentem,
429 2436 458 2489 in
468 2436 497 2489 ln
538 2438 578 2487 ‘te
589 2438 677 2488 ullum
688 2452 749 2488 esse
759 2448 855 2502 pesse:

50 2512 136 2574 u‘equn
152 2522 264 2559 sensnm
284 2504 407 2569 omniur),
427 2521 483 2574 quo
502 2522 538 2558 no
577 2507 640 2572 ipsa
654 2513 757 2556 natura
775 2501 857 2569 pulsa

49 2577 175 2631 sentiret.
209 2576 320 2629 Deinde
332 2577 358 2626 si
368 2582 488 2631 mentem
498 2578 582 2627 istam
595 2575 676 2642 quasi
688 2571 792 2624 animal
807 2569 858 2618 ali·
907 2620 909 2623 ,

50 2646 122 2714 quod
133 2647 313 2709 esseroluit,
333 2645 388 2699 oris
402 2644 510 2715 aliquid
526 2646 654 2705 interius,
674 2657 709 2693 ex
720 2654 774 2707 quo
785 2635 857 2689 illud
