2084 3025
273 134 354 186 ure.
371 133 427 188 111.
463 133 620 205 ennea⁴
788 136 843 196 tos

38 240 257 307 modopossunt.
293 237 398 290 Dicunt
413 238 498 301 enim,
519 238 668 308 voluptatis
677 255 721 292 ms
765 237 845 294 ‘tudi-

37 328 92 362 uem
105 309 209 361 doloris
221 308 386 361 detractione
397 309 490 379 finiri,
526 310 638 362 lustitia
653 311 714 361 vaei
737 315 779 372 at,
799 309 844 364 rol

35 380 109 431 iaeet
120 380 224 446 potius,
239 393 388 445 omnesque
400 394 450 430 eae
460 380 588 441 virtutes,
604 380 712 446 quaein
723 393 845 431 eommu-

36 451 127 503 nitate
139 455 290 500 cernuntur
300 455 330 500 et
340 449 368 498 in
378 449 514 499 societate
526 450 635 516 generis
647 446 769 500 lrumuni.
789 449 843 502 Ne·

36 534 88 584 qne
110 519 188 570 enim
208 518 320 569 bonitas
337 533 388 575 nee
408 518 566 569 liberalitas
580 533 630 569 nec
646 518 763 569 comitas
782 530 844 571 esse
871 543 876 551 ·

36 593 145 654 potest,
165 603 222 638 non
238 589 300 654 plus
316 603 397 655 quam
413 588 551 649 amicitia,
572 588 596 637 si
608 585 676 639 lineo
689 601 744 638 uon
755 601 845 653 perse

36 663 220 723 expetantur,
241 657 289 708 sed
306 657 342 708 ad
356 657 528 723 voluptatem
543 656 753 723 [utilitatemve]
774 654 845 708 rele-

36 733 144 777 rantur.
182 723 241 777 119.
262 725 443 777 Conferamus
457 726 547 790 igitur
561 726 589 775 in
598 740 697 791 pauco.
733 724 805 775 Nam
814 731 846 777 ut

36 795 196 845 utilitatem
207 794 311 845 nullam
323 810 384 846 esse
396 795 551 855 docuimus,
572 809 642 860 quae
654 791 794 845 honestati
804 809 845 845 es·

37 870 81 916 set
93 864 250 914 contraria:
268 864 310 914 sic
321 879 430 915 omnem
446 863 621 929 voluptatem
633 863 751 915 dicimus
762 860 845 916 bone·

16 933 107 984 ·stati
127 935 376 984 essecontrariam.
413 932 475 994 Quo
491 934 581 998 magis
602 930 845 1000 reprehendendos

37 998 234 1067 Calliphonem
250 1009 278 1053 et
288 1001 492 1053 Dinomachum
508 1002 617 1065 iudico,
638 1003 729 1070 quise
745 1001 844 1054 direm-

37 1077 138 1139 pturos
151 1072 372 1124 eontrorcrsiam
385 1077 564 1138 putaverunt,
583 1073 682 1122 sicum
697 1070 844 1124 honestate

37 1141 223 1206 voluptatem,
245 1147 384 1208 tamquam
397 1156 459 1191 cum
471 1140 583 1192 bomine
594 1141 742 1208 pecudem,
762 1155 844 1208 oopu-

37 1209 182 1261 lauissent.
218 1209 281 1261 Non
301 1211 401 1276 recipit
420 1211 504 1259 istam
521 1211 742 1263 coniunctionem
761 1209 845 1263 bone·

38 1284 110 1342 stas3
132 1285 306 1344 aspernatur,
319 1278 440 1345 repellit.
477 1277 536 1330 Nec
547 1294 613 1330 vero
624 1281 687 1331 llnis
698 1281 845 1344 bonorum,

39 1347 79 1416 [et
89 1347 248 1429 maiorum]
261 1348 310 1415 qui
319 1347 438 1415 simplex
449 1361 509 1397 esse
518 1347 609 1410 debet,
621 1364 657 1400 ex
665 1348 845 1402 dissimilibus

37 1415 123 1470 rebus
136 1417 249 1468 misceri
265 1423 293 1467 et
303 1416 453 1483 temperari
464 1422 567 1483 potest.
603 1414 662 1469 120.
681 1417 735 1471 Sed
747 1418 781 1469 de
791 1416 846 1474 hoe

39 1490 153 1556 (magna
168 1486 243 1539 enim
258 1501 303 1538 res
320 1492 373 1550 est)
391 1485 447 1538 alio
463 1485 527 1537 loeo
544 1486 679 1553 pluribus.
715 1485 795 1540 Nune
809 1487 846 1541 ud

38 1557 223 1625 propositum.
260 1555 498 1619 Quemadmodum
518 1558 614 1623 igitur,
635 1556 784 1625 siquando
802 1572 846 1620 ea,

39 1642 111 1694 quae
122 1626 265 1677 rideretur
274 1627 398 1687 utilitas,
417 1622 560 1676 honestati
576 1632 722 1693 repugnat,
745 1625 846 1676 diiudi·
929 1653 937 1664 ·

40 1696 130 1749 sanda
139 1711 185 1748 ros
194 1696 241 1757 sit,
253 1696 322 1746 satis
333 1702 377 1747 est
385 1709 470 1761 supra
480 1693 662 1760 disputatum.
691 1694 741 1747 Sin
752 1700 845 1746 autem

40 1766 161 1832 speciem
185 1764 318 1816 utilitatis
339 1765 424 1817 etiam
450 1763 582 1829 voluptas
608 1761 710 1816 habere
730 1763 844 1827 dicetur,

42 1836 121 1886 nulla
130 1840 223 1901 potest
233 1850 293 1887 esse
305 1834 331 1886 ei
342 1849 403 1886 cum
419 1832 567 1885 honestate
579 1832 744 1887 coniunctio.
762 1832 844 1899 Nom,

41 1911 73 1956 ut
81 1906 241 1955 tribuamus
252 1903 356 1972 aliquid
366 1903 520 1969 uoluptati,
543 1903 715 1956 condimenti
724 1904 845 1960 fortasse

42 1974 176 2037 nonnihil,
190 1974 326 2025 utilitatis
338 1980 413 2025 certe
423 1972 492 2023 nihil
504 1971 626 2024 habebit.

95 2041 156 2095 121.
175 2043 270 2095 Habes
281 2060 298 2094 a
308 2050 387 2109 patre
398 2057 508 2106 munus,
529 2042 625 2093 Marce
640 2041 695 2106 lili,
716 2057 778 2098 mea
788 2047 846 2114 qui-

44 2112 105 2165 dem
115 2113 264 2174 sententia,
275 2127 418 2179 magnum3
434 2110 484 2162 sed
494 2111 609 2177 perinde
619 2113 680 2175 erit,
692 2119 723 2164 ut
735 2132 846 2186 aecepe-

43 2183 90 2233 ris.
115 2183 289 2249 Quamquam
301 2181 355 2232 tibi
365 2180 395 2232 bi
407 2187 465 2232 tres
477 2181 541 2232 libri
551 2182 625 2232 inter
635 2183 761 2250 Cratippi
773 2201 845 2238 com·
905 2229 914 2236 ,

44 2252 205 2313 meritorios,
216 2258 359 2318 tamquam
370 2248 505 2316 hospites,
518 2256 598 2302 erunt
608 2253 767 2322 reeipiendi.
783 2254 846 2316 Sed,

45 2327 83 2383 ut,
99 2323 125 2372 si
136 2323 197 2388 ipse
207 2322 343 2373 venissem
355 2319 492 2381 Athenas3
512 2320 587 2387 quod
599 2321 710 2387 quidem
722 2316 795 2375 ess'et
807 2321 847 2373 ia-

46 2396 133 2452 ctmn,
153 2391 209 2441 nisi
221 2406 264 2442 me
275 2405 290 2442 e
301 2389 393 2441 medio
404 2404 486 2440 eursu
498 2389 575 2441 clara
585 2405 653 2442 voce
668 2392 760 2456 patrio
769 2405 847 2443 revo-

47 2465 148 2522 casset3
172 2459 323 2526 aliquando
335 2474 379 2510 me
390 2472 498 2524 quoque
514 2458 637 2510 audires:
651 2460 705 2520 sie,
718 2459 847 2526 quoniam

44 2526 86 2580 his
96 2529 284 2580 voluminibus
297 2529 332 2580 ad
344 2535 371 2580 te
383 2525 512 2595 proiecta
525 2543 579 2578 rox
591 2533 633 2579 est
646 2543 720 2590 men3
741 2529 848 2580 tribues

46 2595 98 2663 his,
109 2600 244 2668 temporis
256 2605 388 2667 quantum
399 2595 518 2665 poteris:
534 2598 642 2664 poteris
652 2602 754 2660 nutem,
765 2612 848 2664 quan·
