<?xml version="1.0" encoding="UTF-8"?>
<!DOCTYPE html PUBLIC "-//W3C//DTD XHTML 1.0 Transitional//EN"
    "http://www.w3.org/TR/xhtml1/DTD/xhtml1-transitional.dtd">
<html xmlns="http://www.w3.org/1999/xhtml" xml:lang="en" lang="en">
 <head>
  <title>
</title>
<meta http-equiv="Content-Type" content="text/html;charset=utf-8" />
  <meta name='ocr-system' content='tesseract 3.04.00' />
  <meta name='ocr-capabilities' content='ocr_page ocr_carea ocr_par ocr_line ocrx_word'/>
</head>
<body>
  <div class='ocr_page' id='page_1' title='image "./opera00nobbgoog/opera00nobbgoog_0312.png"; bbox 0 0 2084 3025; ppageno 0'>
   <div class='ocr_carea' id='block_1_1' title="bbox 178 107 793 236">
    <p class='ocr_par' dir='ltr' id='par_1_1' title="bbox 178 107 793 236">
     <span class='ocr_line' id='line_1_1' title="bbox 178 107 793 236; baseline -0.003 -29"><span class='ocrx_word' id='word_1_1' title='bbox 178 107 181 117; x_wconf 38' lang='grc'><strong>“</strong></span> <span class='ocrx_word' id='word_1_2' title='bbox 209 150 262 207; x_wconf 77' lang='lat'><strong>214</strong></span> <span class='ocrx_word' id='word_1_3' title='bbox 423 150 793 236; x_wconf 73' lang='lat' dir='ltr'><strong>mejnrmrsauronu</strong></span> 
     </span>
    </p>
   </div>
   <div class='ocr_carea' id='block_1_2' title="bbox 144 252 1041 2769">
    <p class='ocr_par' dir='ltr' id='par_1_2' title="bbox 210 252 1025 731">
     <span class='ocr_line' id='line_1_2' title="bbox 210 252 1024 323; baseline -0.005 -12"><span class='ocrx_word' id='word_1_4' title='bbox 210 258 288 312; x_wconf 87' lang='lat' dir='ltr'><strong>nulla</strong></span> <span class='ocrx_word' id='word_1_5' title='bbox 297 263 350 311; x_wconf 83' lang='lat' dir='ltr'><strong>est.</strong></span> <span class='ocrx_word' id='word_1_6' title='bbox 387 256 436 309; x_wconf 80' lang='lat' dir='ltr'><strong>sin</strong></span> <span class='ocrx_word' id='word_1_7' title='bbox 447 256 657 312; x_wconf 81' lang='lat' dir='ltr'><strong>autemidciroo</strong></span> <span class='ocrx_word' id='word_1_8' title='bbox 669 262 784 323; x_wconf 78' lang='lat' dir='ltr'><strong>possunt</strong></span> <span class='ocrx_word' id='word_1_9' title='bbox 792 252 945 322; x_wconf 73' lang='lat' dir='ltr'><strong>prouideri,</strong></span> <span class='ocrx_word' id='word_1_10' title='bbox 953 254 1024 320; x_wconf 78' lang='lat' dir='ltr'><strong>quia</strong></span> 
     </span>
     <span class='ocr_line' id='line_1_3' title="bbox 211 325 1025 382; baseline -0.006 0"><span class='ocrx_word' id='word_1_11' title='bbox 211 336 290 382; x_wconf 89' lang='lat' dir='ltr'><strong>certa</strong></span> <span class='ocrx_word' id='word_1_12' title='bbox 300 334 364 380; x_wconf 88' lang='lat' dir='ltr'><strong>sunt</strong></span> <span class='ocrx_word' id='word_1_13' title='bbox 375 333 404 380; x_wconf 85' lang='lat' dir='ltr'><strong>ct</strong></span> <span class='ocrx_word' id='word_1_14' title='bbox 416 328 530 381; x_wconf 82' lang='lat' dir='ltr'><strong>fatalia:</strong></span> <span class='ocrx_word' id='word_1_15' title='bbox 543 343 638 378; x_wconf 88' lang='lat' dir='ltr'><strong>rursus</strong></span> <span class='ocrx_word' id='word_1_16' title='bbox 648 326 785 377; x_wconf 60' lang='lat' dir='ltr'><strong>divinam</strong></span> <span class='ocrx_word' id='word_1_17' title='bbox 795 325 873 378; x_wconf 86' lang='lat' dir='ltr'><strong>nulia</strong></span> <span class='ocrx_word' id='word_1_18' title='bbox 885 330 938 376; x_wconf 82' lang='lat' dir='ltr'><strong>est.</strong></span> <span class='ocrx_word' id='word_1_19' title='bbox 950 326 1025 377; x_wconf 84' lang='lat' dir='ltr'><strong>Eam</strong></span> 
     </span>
     <span class='ocr_line' id='line_1_4' title="bbox 211 392 1025 453; baseline -0.009 0"><span class='ocrx_word' id='word_1_20' title='bbox 211 400 285 453; x_wconf 90' lang='lat' dir='ltr'><strong>enim</strong></span> <span class='ocrx_word' id='word_1_21' title='bbox 300 404 332 449; x_wconf 88' lang='lat' dir='ltr'><strong>tu</strong></span> <span class='ocrx_word' id='word_1_22' title='bbox 340 396 527 452; x_wconf 21' lang='lat' dir='ltr'><strong>,fortuitarum</strong></span> <span class='ocrx_word' id='word_1_23' title='bbox 538 411 641 451; x_wconf 74' lang='lat' dir='ltr'><strong>,aarum</strong></span> <span class='ocrx_word' id='word_1_24' title='bbox 655 411 723 448; x_wconf 84' lang='lat' dir='ltr'><strong>essa</strong></span> <span class='ocrx_word' id='word_1_25' title='bbox 745 395 865 447; x_wconf 76' lang='lat' dir='ltr'><strong>dicebas</strong></span> <span class='ocrx_word' id='word_1_26' title='bbox 901 394 946 447; x_wconf 73' lang='lat' dir='ltr'><strong>au</strong></span> <span class='ocrx_word' id='word_1_27' title='bbox 966 392 1025 447; x_wconf 84' lang='lat' dir='ltr'><strong>Sed</strong></span> 
     </span>
     <span class='ocr_line' id='line_1_5' title="bbox 212 465 1025 533; baseline -0.005 -12"><span class='ocrx_word' id='word_1_28' title='bbox 212 469 281 522; x_wconf 86' lang='lat' dir='ltr'><strong>haec</strong></span> <span class='ocrx_word' id='word_1_29' title='bbox 298 466 383 520; x_wconf 84' lang='lat' dir='ltr'><strong>fuerit</strong></span> <span class='ocrx_word' id='word_1_30' title='bbox 403 469 482 520; x_wconf 89' lang='lat' dir='ltr'><strong>nobis</strong></span> <span class='ocrx_word' id='word_1_31' title='bbox 502 475 644 533; x_wconf 89' lang='lat' dir='ltr'><strong>tamquam</strong></span> <span class='ocrx_word' id='word_1_32' title='bbox 665 466 735 518; x_wconf 80' lang='lat' dir='ltr'><strong>Ievis</strong></span> <span class='ocrx_word' id='word_1_33' title='bbox 750 471 909 516; x_wconf 74' lang='lat' dir='ltr'><strong>moraturae</strong></span> <span class='ocrx_word' id='word_1_34' title='bbox 930 465 1025 530; x_wconf 86' lang='lat' dir='ltr'><strong>prima</strong></span> 
     </span>
     <span class='ocr_line' id='line_1_6' title="bbox 213 534 1025 603; baseline -0.007 -13"><span class='ocrx_word' id='word_1_35' title='bbox 213 537 352 591; x_wconf 86' lang='lat' dir='ltr'><strong>orationis</strong></span> <span class='ocrx_word' id='word_1_36' title='bbox 362 539 504 590; x_wconf 80' lang='lat' dir='ltr'><strong>excursio:</strong></span> <span class='ocrx_word' id='word_1_37' title='bbox 528 554 599 588; x_wconf 90' lang='lat' dir='ltr'><strong>nunc</strong></span> <span class='ocrx_word' id='word_1_38' title='bbox 610 537 733 590; x_wconf 89' lang='lat' dir='ltr'><strong>cominus</strong></span> <span class='ocrx_word' id='word_1_39' title='bbox 742 550 872 603; x_wconf 84' lang='lat' dir='ltr'><strong>agamus,</strong></span> <span class='ocrx_word' id='word_1_40' title='bbox 894 534 1025 600; x_wconf 83' lang='lat' dir='ltr'><strong>experia-</strong></span> 
     </span>
     <span class='ocr_line' id='line_1_7' title="bbox 213 602 1024 677; baseline -0.004 -17"><span class='ocrx_word' id='word_1_41' title='bbox 213 623 341 676; x_wconf 83' lang='lat' dir='ltr'><strong>musque,</strong></span> <span class='ocrx_word' id='word_1_42' title='bbox 363 608 389 661; x_wconf 82' lang='lat' dir='ltr'><strong>si</strong></span> <span class='ocrx_word' id='word_1_43' title='bbox 403 607 541 677; x_wconf 86' lang='lat' dir='ltr'><strong>possimus</strong></span> <span class='ocrx_word' id='word_1_44' title='bbox 554 622 657 659; x_wconf 88' lang='lat' dir='ltr'><strong>cornua</strong></span> <span class='ocrx_word' id='word_1_45' title='bbox 668 602 844 658; x_wconf 76' lang='lat' dir='ltr'><strong>commouere</strong></span> <span class='ocrx_word' id='word_1_46' title='bbox 855 603 1024 672; x_wconf 75' lang='lat' dir='ltr'><strong>disptrtatio·</strong></span> 
     </span>
     <span class='ocr_line' id='line_1_8' title="bbox 213 678 781 731; baseline -0.005 -1"><span class='ocrx_word' id='word_1_47' title='bbox 213 678 255 730; x_wconf 88' lang='lat' dir='ltr'><strong>nis</strong></span> <span class='ocrx_word' id='word_1_48' title='bbox 268 683 341 731; x_wconf 87' lang='lat' dir='ltr'><strong>tuae.</strong></span> <span class='ocrx_word' id='word_1_49' title='bbox 778 724 781 727; x_wconf 83' lang='lat'><em>.</em></span> 
     </span>
    </p>

    <p class='ocr_par' dir='ltr' id='par_1_3' title="bbox 213 742 1024 2282">
     <span class='ocr_line' id='line_1_9' title="bbox 265 742 1023 816; baseline -0.005 -17"><span class='ocrx_word' id='word_1_50' title='bbox 265 747 314 799; x_wconf 88' lang='lat' dir='ltr'><strong>XI.</strong></span> <span class='ocrx_word' id='word_1_51' title='bbox 341 747 405 802; x_wconf 87' lang='lat' dir='ltr'><strong>Duo</strong></span> <span class='ocrx_word' id='word_1_52' title='bbox 426 748 499 802; x_wconf 85' lang='lat' dir='ltr'><strong>euim</strong></span> <span class='ocrx_word' id='word_1_53' title='bbox 517 762 621 816; x_wconf 81' lang='lat' dir='ltr'><strong>genera</strong></span> <span class='ocrx_word' id='word_1_54' title='bbox 637 745 790 810; x_wconf 75' lang='lat' dir='ltr'><strong>-disinandi</strong></span> <span class='ocrx_word' id='word_1_55' title='bbox 816 759 878 797; x_wconf 89' lang='lat' dir='ltr'><strong>esse</strong></span> <span class='ocrx_word' id='word_1_56' title='bbox 897 742 1023 808; x_wconf 81' lang='lat' dir='ltr'><strong>dicebas,</strong></span> 
     </span>
     <span class='ocr_line' id='line_1_10' title="bbox 213 813 1023 881; baseline -0.006 -12"><span class='ocrx_word' id='word_1_57' title='bbox 213 833 299 869; x_wconf 86' lang='lat' dir='ltr'><strong>unum</strong></span> <span class='ocrx_word' id='word_1_58' title='bbox 311 819 506 881; x_wconf 70' lang='lat' dir='ltr'><strong>artificiosum,</strong></span> <span class='ocrx_word' id='word_1_59' title='bbox 525 818 645 871; x_wconf 84' lang='lat' dir='ltr'><strong>alterum</strong></span> <span class='ocrx_word' id='word_1_60' title='bbox 656 814 794 868; x_wconf 84' lang='lat' dir='ltr'><strong>naturale.</strong></span> <span class='ocrx_word' id='word_1_61' title='bbox 829 813 1023 867; x_wconf 79' lang='lat' dir='ltr'><strong>Artificiosum</strong></span> 
     </span>
     <span class='ocr_line' id='line_1_11' title="bbox 215 883 1021 955; baseline -0.006 -15"><span class='ocrx_word' id='word_1_62' title='bbox 215 894 342 941; x_wconf 73' lang='lat' dir='ltr'><strong>constare</strong></span> <span class='ocrx_word' id='word_1_63' title='bbox 354 890 457 955; x_wconf 85' lang='lat' dir='ltr'><strong>partim</strong></span> <span class='ocrx_word' id='word_1_64' title='bbox 469 903 504 939; x_wconf 88' lang='lat' dir='ltr'><strong>ex</strong></span> <span class='ocrx_word' id='word_1_65' title='bbox 515 888 685 949; x_wconf 85' lang='lat' dir='ltr'><strong>coniectura,</strong></span> <span class='ocrx_word' id='word_1_66' title='bbox 696 883 1021 953; x_wconf 82' lang='lat' dir='ltr'><strong>partimexobservatio·</strong></span> 
     </span>
     <span class='ocr_line' id='line_1_12' title="bbox 214 955 1022 1024; baseline -0.004 -14"><span class='ocrx_word' id='word_1_67' title='bbox 214 974 249 1011; x_wconf 91' lang='lat' dir='ltr'><strong>nc</strong></span> <span class='ocrx_word' id='word_1_68' title='bbox 260 955 404 1013; x_wconf 74' lang='lat' dir='ltr'><strong>diutrunaz</strong></span> <span class='ocrx_word' id='word_1_69' title='bbox 415 958 553 1020; x_wconf 83' lang='lat' dir='ltr'><strong>naturale,</strong></span> <span class='ocrx_word' id='word_1_70' title='bbox 565 957 758 1024; x_wconf 81' lang='lat' dir='ltr'><strong>quodauimus</strong></span> <span class='ocrx_word' id='word_1_71' title='bbox 769 955 906 1022; x_wconf 76' lang='lat' dir='ltr'><strong>arriperet</strong></span> <span class='ocrx_word' id='word_1_72' title='bbox 915 959 1022 1007; x_wconf 83' lang='lat' dir='ltr'><strong>autex-</strong></span> 
     </span>
     <span class='ocr_line' id='line_1_13' title="bbox 215 1024 1022 1094; baseline -0.001 -15"><span class='ocrx_word' id='word_1_73' title='bbox 215 1028 321 1094; x_wconf 75' lang='lat' dir='ltr'><strong>eiperet</strong></span> <span class='ocrx_word' id='word_1_74' title='bbox 336 1029 510 1080; x_wconf 83' lang='lat' dir='ltr'><strong>extrinsecus</strong></span> <span class='ocrx_word' id='word_1_75' title='bbox 526 1041 560 1079; x_wconf 82' lang='lat' dir='ltr'><strong>ex</strong></span> <span class='ocrx_word' id='word_1_76' title='bbox 577 1028 739 1090; x_wconf 67' lang='lat' dir='ltr'><strong>divinitate,</strong></span> <span class='ocrx_word' id='word_1_77' title='bbox 763 1025 836 1078; x_wconf 89' lang='lat' dir='ltr'><strong>uude</strong></span> <span class='ocrx_word' id='word_1_78' title='bbox 854 1039 953 1077; x_wconf 82' lang='lat' dir='ltr'><strong>omues</strong></span> <span class='ocrx_word' id='word_1_79' title='bbox 964 1024 1022 1079; x_wconf 82' lang='lat' dir='ltr'><strong>aui·</strong></span> 
     </span>
     <span class='ocr_line' id='line_1_14' title="bbox 217 1093 1022 1164; baseline 0 -18"><span class='ocrx_word' id='word_1_80' title='bbox 217 1112 277 1147; x_wconf 89' lang='lat' dir='ltr'><strong>mos</strong></span> <span class='ocrx_word' id='word_1_81' title='bbox 297 1095 411 1149; x_wconf 85' lang='lat' dir='ltr'><strong>haustos</strong></span> <span class='ocrx_word' id='word_1_82' title='bbox 432 1103 482 1148; x_wconf 87' lang='lat' dir='ltr'><strong>aut</strong></span> <span class='ocrx_word' id='word_1_83' title='bbox 499 1104 632 1164; x_wconf 87' lang='lat' dir='ltr'><strong>acceptos</strong></span> <span class='ocrx_word' id='word_1_84' title='bbox 652 1104 701 1148; x_wconf 89' lang='lat' dir='ltr'><strong>aut</strong></span> <span class='ocrx_word' id='word_1_85' title='bbox 721 1096 826 1149; x_wconf 84' lang='lat' dir='ltr'><strong>libatos</strong></span> <span class='ocrx_word' id='word_1_86' title='bbox 846 1093 1022 1149; x_wconf 80' lang='lat' dir='ltr'><strong>haberemus.</strong></span> 
     </span>
     <span class='ocr_line' id='line_1_15' title="bbox 215 1165 1022 1234; baseline 0.004 -16"><span class='ocrx_word' id='word_1_87' title='bbox 215 1166 390 1219; x_wconf 73' lang='lat' dir='ltr'><strong>Artificiosae</strong></span> <span class='ocrx_word' id='word_1_88' title='bbox 410 1167 591 1219; x_wconf 80' lang='lat' dir='ltr'><strong>divinationis</strong></span> <span class='ocrx_word' id='word_1_89' title='bbox 611 1168 664 1219; x_wconf 84' lang='lat' dir='ltr'><strong>illa</strong></span> <span class='ocrx_word' id='word_1_90' title='bbox 683 1166 743 1220; x_wconf 82' lang='lat' dir='ltr'><strong>fere</strong></span> <span class='ocrx_word' id='word_1_91' title='bbox 764 1180 868 1234; x_wconf 82' lang='lat' dir='ltr'><strong>genera</strong></span> <span class='ocrx_word' id='word_1_92' title='bbox 887 1165 1022 1231; x_wconf 77' lang='lat' dir='ltr'><strong>ponebat,</strong></span> 
     </span>
     <span class='ocr_line' id='line_1_16' title="bbox 216 1235 1021 1306; baseline 0.002 -20"><span class='ocrx_word' id='word_1_93' title='bbox 216 1235 391 1301; x_wconf 83' lang='lat' dir='ltr'><strong>extispicum,</strong></span> <span class='ocrx_word' id='word_1_94' title='bbox 403 1252 561 1304; x_wconf 86' lang='lat' dir='ltr'><strong>eorumque,</strong></span> <span class='ocrx_word' id='word_1_95' title='bbox 573 1238 621 1305; x_wconf 88' lang='lat' dir='ltr'><strong>qui</strong></span> <span class='ocrx_word' id='word_1_96' title='bbox 633 1236 836 1306; x_wconf 76' lang='lat' dir='ltr'><strong>exiulguribus</strong></span> <span class='ocrx_word' id='word_1_97' title='bbox 845 1236 1021 1302; x_wconf 85' lang='lat' dir='ltr'><strong>ostentisque</strong></span> 
     </span>
     <span class='ocr_line' id='line_1_17' title="bbox 216 1304 1022 1375; baseline 0.001 -20"><span class='ocrx_word' id='word_1_98' title='bbox 216 1305 423 1371; x_wconf 71' lang='lat' dir='ltr'><strong>praedicerent,</strong></span> <span class='ocrx_word' id='word_1_99' title='bbox 444 1313 502 1361; x_wconf 89' lang='lat' dir='ltr'><strong>tum</strong></span> <span class='ocrx_word' id='word_1_100' title='bbox 514 1323 664 1375; x_wconf 86' lang='lat' dir='ltr'><strong>augurum,</strong></span> <span class='ocrx_word' id='word_1_101' title='bbox 679 1321 849 1374; x_wconf 49' lang='lat' dir='ltr'><strong>,eurumque</strong></span> <span class='ocrx_word' id='word_1_102' title='bbox 872 1304 919 1372; x_wconf 87' lang='lat' dir='ltr'><strong>qui</strong></span> <span class='ocrx_word' id='word_1_103' title='bbox 934 1305 1022 1372; x_wconf 81' lang='lat' dir='ltr'><strong>signis</strong></span> 
     </span>
     <span class='ocr_line' id='line_1_18' title="bbox 216 1375 1022 1444; baseline 0.001 -19"><span class='ocrx_word' id='word_1_104' title='bbox 216 1381 265 1426; x_wconf 88' lang='lat' dir='ltr'><strong>aut</strong></span> <span class='ocrx_word' id='word_1_105' title='bbox 277 1375 415 1426; x_wconf 78' lang='lat' dir='ltr'><strong>oniinibus</strong></span> <span class='ocrx_word' id='word_1_106' title='bbox 427 1382 579 1438; x_wconf 89' lang='lat' dir='ltr'><strong>uterentur,</strong></span> <span class='ocrx_word' id='word_1_107' title='bbox 590 1392 726 1444; x_wconf 88' lang='lat' dir='ltr'><strong>omneque</strong></span> <span class='ocrx_word' id='word_1_108' title='bbox 737 1390 823 1443; x_wconf 80' lang='lat' dir='ltr'><strong>genus</strong></span> <span class='ocrx_word' id='word_1_109' title='bbox 832 1375 1022 1429; x_wconf 81' lang='lat' dir='ltr'><strong>coniecturale</strong></span> 
     </span>
     <span class='ocr_line' id='line_1_19' title="bbox 216 1442 1022 1514; baseline 0.002 -20"><span class='ocrx_word' id='word_1_110' title='bbox 216 1444 245 1495; x_wconf 87' lang='lat' dir='ltr'><strong>in</strong></span> <span class='ocrx_word' id='word_1_111' title='bbox 257 1442 310 1499; x_wconf 81' lang='lat' dir='ltr'><strong>boc</strong></span> <span class='ocrx_word' id='word_1_112' title='bbox 320 1445 379 1497; x_wconf 80' lang='lat' dir='ltr'><strong>fere</strong></span> <span class='ocrx_word' id='word_1_113' title='bbox 389 1461 490 1514; x_wconf 79' lang='lat' dir='ltr'><strong>genere</strong></span> <span class='ocrx_word' id='word_1_114' title='bbox 501 1448 634 1512; x_wconf 89' lang='lat' dir='ltr'><strong>ponebas.</strong></span> <span class='ocrx_word' id='word_1_115' title='bbox 666 1448 709 1498; x_wconf 86' lang='lat'><strong>27.</strong></span> <span class='ocrx_word' id='word_1_116' title='bbox 720 1446 792 1497; x_wconf 90' lang='lat' dir='ltr'><strong>Illud</strong></span> <span class='ocrx_word' id='word_1_117' title='bbox 805 1451 899 1497; x_wconf 88' lang='lat' dir='ltr'><strong>autem</strong></span> <span class='ocrx_word' id='word_1_118' title='bbox 909 1451 1022 1496; x_wconf 80' lang='lat' dir='ltr'><strong>natura·</strong></span> 
     </span>
     <span class='ocr_line' id='line_1_20' title="bbox 215 1514 1022 1583; baseline 0.002 -17"><span class='ocrx_word' id='word_1_119' title='bbox 215 1514 253 1579; x_wconf 88' lang='lat' dir='ltr'><strong>le,</strong></span> <span class='ocrx_word' id='word_1_120' title='bbox 265 1522 316 1568; x_wconf 23' lang='lat' dir='ltr'><strong>auti</strong></span> <span class='ocrx_word' id='word_1_121' title='bbox 325 1517 512 1568; x_wconf 78' lang='lat' dir='ltr'><strong>concitatione</strong></span> <span class='ocrx_word' id='word_1_122' title='bbox 524 1516 625 1566; x_wconf 69' lang='lat' dir='ltr'><strong>neentis</strong></span> <span class='ocrx_word' id='word_1_123' title='bbox 635 1517 681 1568; x_wconf 87' lang='lat' dir='ltr'><strong>edi</strong></span> <span class='ocrx_word' id='word_1_124' title='bbox 692 1523 720 1571; x_wconf 89' lang='lat' dir='ltr'><strong>et</strong></span> <span class='ocrx_word' id='word_1_125' title='bbox 731 1515 899 1583; x_wconf 72' lang='lat' dir='ltr'><strong>quasiiundi</strong></span> <span class='ocrx_word' id='word_1_126' title='bbox 908 1516 1022 1568; x_wconf 86' lang='lat' dir='ltr'><strong>videba-</strong></span> 
     </span>
     <span class='ocr_line' id='line_1_21' title="bbox 215 1586 1022 1652; baseline 0.002 -15"><span class='ocrx_word' id='word_1_127' title='bbox 215 1591 270 1650; x_wconf 88' lang='lat' dir='ltr'><strong>tur,</strong></span> <span class='ocrx_word' id='word_1_128' title='bbox 282 1593 332 1638; x_wconf 87' lang='lat' dir='ltr'><strong>aut</strong></span> <span class='ocrx_word' id='word_1_129' title='bbox 345 1586 447 1648; x_wconf 84' lang='lat' dir='ltr'><strong>animo,</strong></span> <span class='ocrx_word' id='word_1_130' title='bbox 456 1600 512 1652; x_wconf 89' lang='lat' dir='ltr'><strong>per</strong></span> <span class='ocrx_word' id='word_1_131' title='bbox 522 1600 649 1636; x_wconf 82' lang='lat' dir='ltr'><strong>somnum</strong></span> <span class='ocrx_word' id='word_1_132' title='bbox 661 1587 786 1637; x_wconf 87' lang='lat' dir='ltr'><strong>sensibus</strong></span> <span class='ocrx_word' id='word_1_133' title='bbox 797 1592 826 1638; x_wconf 87' lang='lat' dir='ltr'><strong>et</strong></span> <span class='ocrx_word' id='word_1_134' title='bbox 836 1586 910 1638; x_wconf 86' lang='lat' dir='ltr'><strong>curis</strong></span> <span class='ocrx_word' id='word_1_135' title='bbox 921 1600 1022 1647; x_wconf 80' lang='lat' dir='ltr'><strong>vacuo,</strong></span> 
     </span>
     <span class='ocr_line' id='line_1_22' title="bbox 215 1655 1024 1723; baseline -0.001 -16"><span class='ocrx_word' id='word_1_136' title='bbox 215 1656 366 1723; x_wconf 85' lang='lat' dir='ltr'><strong>provideri.</strong></span> <span class='ocrx_word' id='word_1_137' title='bbox 402 1655 518 1706; x_wconf 81' lang='lat' dir='ltr'><strong>Duxisti</strong></span> <span class='ocrx_word' id='word_1_138' title='bbox 539 1661 633 1706; x_wconf 89' lang='lat' dir='ltr'><strong>autem</strong></span> <span class='ocrx_word' id='word_1_139' title='bbox 655 1655 854 1707; x_wconf 75' lang='lat' dir='ltr'><strong>divinationem</strong></span> <span class='ocrx_word' id='word_1_140' title='bbox 876 1671 990 1710; x_wconf 73' lang='lat' dir='ltr'><strong>omnm</strong></span> <span class='ocrx_word' id='word_1_141' title='bbox 1006 1670 1024 1706; x_wconf 88' lang='lat' dir='ltr'><strong>o</strong></span> 
     </span>
     <span class='ocr_line' id='line_1_23' title="bbox 215 1723 1023 1788; baseline 0.001 -11"><span class='ocrx_word' id='word_1_142' title='bbox 215 1727 305 1777; x_wconf 90' lang='lat' dir='ltr'><strong>tribus</strong></span> <span class='ocrx_word' id='word_1_143' title='bbox 316 1727 411 1787; x_wconf 87' lang='lat' dir='ltr'><strong>rebus,</strong></span> <span class='ocrx_word' id='word_1_144' title='bbox 434 1725 534 1788; x_wconf 87' lang='lat' dir='ltr'><strong>aDeo,</strong></span> <span class='ocrx_word' id='word_1_145' title='bbox 556 1740 573 1775; x_wconf 87' lang='lat' dir='ltr'><strong>a</strong></span> <span class='ocrx_word' id='word_1_146' title='bbox 589 1724 662 1787; x_wconf 75' lang='lat' dir='ltr'><strong>fato,</strong></span> <span class='ocrx_word' id='word_1_147' title='bbox 684 1730 819 1776; x_wconf 85' lang='lat' dir='ltr'><strong>anatura.</strong></span> <span class='ocrx_word' id='word_1_148' title='bbox 856 1723 911 1776; x_wconf 84' lang='lat' dir='ltr'><strong>Sed</strong></span> <span class='ocrx_word' id='word_1_149' title='bbox 928 1731 1023 1778; x_wconf 83' lang='lat' dir='ltr'><strong>tameo</strong></span> 
     </span>
     <span class='ocr_line' id='line_1_24' title="bbox 216 1793 1023 1863; baseline 0 -18"><span class='ocrx_word' id='word_1_150' title='bbox 216 1797 298 1863; x_wconf 77' lang='lat' dir='ltr'><strong>quum</strong></span> <span class='ocrx_word' id='word_1_151' title='bbox 310 1795 453 1862; x_wconf 65' lang='lat' dir='ltr'><strong>erthIsare</strong></span> <span class='ocrx_word' id='word_1_152' title='bbox 462 1794 532 1846; x_wconf 86' lang='lat' dir='ltr'><strong>nibil</strong></span> <span class='ocrx_word' id='word_1_153' title='bbox 542 1810 652 1862; x_wconf 87' lang='lat' dir='ltr'><strong>posses,</strong></span> <span class='ocrx_word' id='word_1_154' title='bbox 672 1793 805 1861; x_wconf 84' lang='lat' dir='ltr'><strong>pugnasti</strong></span> <span class='ocrx_word' id='word_1_155' title='bbox 817 1795 1023 1846; x_wconf 84' lang='lat' dir='ltr'><strong>commentitio·</strong></span> 
     </span>
     <span class='ocr_line' id='line_1_25' title="bbox 215 1862 1023 1931; baseline 0 -17"><span class='ocrx_word' id='word_1_156' title='bbox 215 1881 276 1916; x_wconf 86' lang='lat' dir='ltr'><strong>rum</strong></span> <span class='ocrx_word' id='word_1_157' title='bbox 292 1865 485 1931; x_wconf 79' lang='lat' dir='ltr'><strong>exemplorum</strong></span> <span class='ocrx_word' id='word_1_158' title='bbox 504 1865 622 1916; x_wconf 85' lang='lat' dir='ltr'><strong>mirifica</strong></span> <span class='ocrx_word' id='word_1_159' title='bbox 640 1864 730 1931; x_wconf 86' lang='lat' dir='ltr'><strong>copia.</strong></span> <span class='ocrx_word' id='word_1_160' title='bbox 766 1862 810 1914; x_wconf 83' lang='lat' dir='ltr'><strong>De</strong></span> <span class='ocrx_word' id='word_1_161' title='bbox 831 1878 884 1928; x_wconf 89' lang='lat' dir='ltr'><strong>quo</strong></span> <span class='ocrx_word' id='word_1_162' title='bbox 901 1864 1023 1930; x_wconf 83' lang='lat' dir='ltr'><strong>primum</strong></span> 
     </span>
     <span class='ocr_line' id='line_1_26' title="bbox 217 1931 1024 2002; baseline 0.001 -18"><span class='ocrx_word' id='word_1_163' title='bbox 217 1933 269 1985; x_wconf 85' lang='lat' dir='ltr'><strong>hoc</strong></span> <span class='ocrx_word' id='word_1_164' title='bbox 280 1934 349 1988; x_wconf 87' lang='lat' dir='ltr'><strong>libet</strong></span> <span class='ocrx_word' id='word_1_165' title='bbox 362 1934 462 1992; x_wconf 85' lang='lat' dir='ltr'><strong>dicere.</strong></span> <span class='ocrx_word' id='word_1_166' title='bbox 493 1936 561 1987; x_wconf 89' lang='lat' dir='ltr'><strong>Hoc</strong></span> <span class='ocrx_word' id='word_1_167' title='bbox 572 1950 624 2002; x_wconf 86' lang='lat' dir='ltr'><strong>ego</strong></span> <span class='ocrx_word' id='word_1_168' title='bbox 635 1931 796 2000; x_wconf 80' lang='lat' dir='ltr'><strong>philosophi</strong></span> <span class='ocrx_word' id='word_1_169' title='bbox 806 1947 862 1983; x_wconf 83' lang='lat' dir='ltr'><strong>non</strong></span> <span class='ocrx_word' id='word_1_170' title='bbox 874 1948 936 1985; x_wconf 87' lang='lat' dir='ltr'><strong>esse</strong></span> <span class='ocrx_word' id='word_1_171' title='bbox 947 1932 1024 1985; x_wconf 82' lang='lat' dir='ltr'><strong>arbi·</strong></span> 
     </span>
     <span class='ocr_line' id='line_1_27' title="bbox 216 2001 1024 2072; baseline 0.004 -19"><span class='ocrx_word' id='word_1_172' title='bbox 216 2009 284 2065; x_wconf 77' lang='lat' dir='ltr'><strong>tros,</strong></span> <span class='ocrx_word' id='word_1_173' title='bbox 294 2005 416 2056; x_wconf 84' lang='lat' dir='ltr'><strong>testibus</strong></span> <span class='ocrx_word' id='word_1_174' title='bbox 428 2005 483 2066; x_wconf 88' lang='lat' dir='ltr'><strong>uti;</strong></span> <span class='ocrx_word' id='word_1_175' title='bbox 499 2005 547 2072; x_wconf 90' lang='lat' dir='ltr'><strong>qui</strong></span> <span class='ocrx_word' id='word_1_176' title='bbox 557 2015 683 2057; x_wconf 84' lang='lat' dir='ltr'><strong>autcasu</strong></span> <span class='ocrx_word' id='word_1_177' title='bbox 692 2004 766 2066; x_wconf 74' lang='lat' dir='ltr'><strong>seri,</strong></span> <span class='ocrx_word' id='word_1_178' title='bbox 773 2009 822 2057; x_wconf 87' lang='lat' dir='ltr'><strong>aut</strong></span> <span class='ocrx_word' id='word_1_179' title='bbox 833 2002 942 2054; x_wconf 86' lang='lat' dir='ltr'><strong>malitia</strong></span> <span class='ocrx_word' id='word_1_180' title='bbox 953 2001 1024 2056; x_wconf 84' lang='lat' dir='ltr'><strong>falsi</strong></span> 
     </span>
     <span class='ocr_line' id='line_1_28' title="bbox 216 2073 1022 2142; baseline 0.005 -18"><span class='ocrx_word' id='word_1_181' title='bbox 216 2073 329 2141; x_wconf 82' lang='lat' dir='ltr'><strong>fictique</strong></span> <span class='ocrx_word' id='word_1_182' title='bbox 340 2090 401 2126; x_wconf 88' lang='lat' dir='ltr'><strong>esse</strong></span> <span class='ocrx_word' id='word_1_183' title='bbox 411 2081 537 2140; x_wconf 88' lang='lat' dir='ltr'><strong>possunt.</strong></span> <span class='ocrx_word' id='word_1_184' title='bbox 555 2073 1022 2142; x_wconf 69' lang='lat' dir='ltr'><strong>Argirmcntisctrationibusopor·</strong></span> 
     </span>
     <span class='ocr_line' id='line_1_29' title="bbox 216 2143 1022 2211; baseline 0 -17"><span class='ocrx_word' id='word_1_185' title='bbox 216 2150 269 2206; x_wconf 88' lang='lat' dir='ltr'><strong>tet,</strong></span> <span class='ocrx_word' id='word_1_186' title='bbox 292 2157 378 2211; x_wconf 84' lang='lat' dir='ltr'><strong>quare</strong></span> <span class='ocrx_word' id='word_1_187' title='bbox 390 2144 508 2210; x_wconf 88' lang='lat' dir='ltr'><strong>quidque</strong></span> <span class='ocrx_word' id='word_1_188' title='bbox 518 2146 561 2196; x_wconf 89' lang='lat' dir='ltr'><strong>ita</strong></span> <span class='ocrx_word' id='word_1_189' title='bbox 571 2146 621 2207; x_wconf 90' lang='lat' dir='ltr'><strong>sit,</strong></span> <span class='ocrx_word' id='word_1_190' title='bbox 644 2145 758 2207; x_wconf 89' lang='lat' dir='ltr'><strong>docere,</strong></span> <span class='ocrx_word' id='word_1_191' title='bbox 778 2143 966 2206; x_wconf 79' lang='lat' dir='ltr'><strong>nouerantis,</strong></span> <span class='ocrx_word' id='word_1_192' title='bbox 986 2143 1022 2194; x_wconf 85' lang='lat' dir='ltr'><strong>iis</strong></span> 
     </span>
     <span class='ocr_line' id='line_1_30' title="bbox 216 2212 871 2282; baseline 0.003 -19"><span class='ocrx_word' id='word_1_193' title='bbox 216 2214 390 2282; x_wconf 83' lang='lat' dir='ltr'><strong>praesertim,</strong></span> <span class='ocrx_word' id='word_1_194' title='bbox 401 2213 500 2280; x_wconf 86' lang='lat' dir='ltr'><strong>quibus</strong></span> <span class='ocrx_word' id='word_1_195' title='bbox 507 2212 577 2266; x_wconf 72' lang='lat' dir='ltr'><strong>miii</strong></span> <span class='ocrx_word' id='word_1_196' title='bbox 587 2215 673 2267; x_wconf 86' lang='lat' dir='ltr'><strong>liceat</strong></span> <span class='ocrx_word' id='word_1_197' title='bbox 682 2228 736 2264; x_wconf 91' lang='lat' dir='ltr'><strong>non</strong></span> <span class='ocrx_word' id='word_1_198' title='bbox 747 2213 871 2268; x_wconf 87' lang='lat' dir='ltr'><strong>credere.</strong></span> 
     </span>
    </p>

    <p class='ocr_par' dir='ltr' id='par_1_4' title="bbox 214 2282 1025 2631">
     <span class='ocr_line' id='line_1_31' title="bbox 268 2282 1023 2352; baseline 0.001 -18"><span class='ocrx_word' id='word_1_199' title='bbox 268 2283 328 2335; x_wconf 86' lang='lat' dir='ltr'><strong>XII.</strong></span> <span class='ocrx_word' id='word_1_200' title='bbox 346 2282 787 2352; x_wconf 75' lang='lat' dir='ltr'><strong>28.Utordiarab‘baruspieiua,</strong></span> <span class='ocrx_word' id='word_1_201' title='bbox 807 2298 893 2351; x_wconf 81' lang='lat' dir='ltr'><strong>quam</strong></span> <span class='ocrx_word' id='word_1_202' title='bbox 904 2283 1023 2352; x_wconf 80' lang='lat' dir='ltr'><strong>egorei·</strong></span> 
     </span>
     <span class='ocr_line' id='line_1_32' title="bbox 216 2352 1023 2422; baseline 0.001 -19"><span class='ocrx_word' id='word_1_203' title='bbox 216 2352 344 2421; x_wconf 84' lang='lat' dir='ltr'><strong>publicae</strong></span> <span class='ocrx_word' id='word_1_204' title='bbox 364 2368 462 2405; x_wconf 85' lang='lat' dir='ltr'><strong>caussa</strong></span> <span class='ocrx_word' id='word_1_205' title='bbox 481 2355 688 2422; x_wconf 78' lang='lat' dir='ltr'><strong>communisque</strong></span> <span class='ocrx_word' id='word_1_206' title='bbox 707 2354 853 2421; x_wconf 74' lang='lat' dir='ltr'><strong>religionis</strong></span> <span class='ocrx_word' id='word_1_207' title='bbox 867 2352 1023 2406; x_wconf 54' lang='lat' dir='ltr'><strong>¹colendam</strong></span> 
     </span>
     <span class='ocr_line' id='line_1_33' title="bbox 215 2423 1025 2491; baseline 0 -17"><span class='ocrx_word' id='word_1_208' title='bbox 215 2438 328 2475; x_wconf 80' lang='lat' dir='ltr'><strong>censeo:</strong></span> <span class='ocrx_word' id='word_1_209' title='bbox 348 2424 397 2475; x_wconf 89' lang='lat' dir='ltr'><strong>sed</strong></span> <span class='ocrx_word' id='word_1_210' title='bbox 413 2424 467 2475; x_wconf 88' lang='lat' dir='ltr'><strong>soii</strong></span> <span class='ocrx_word' id='word_1_211' title='bbox 482 2440 589 2475; x_wconf 89' lang='lat' dir='ltr'><strong>smnus:</strong></span> <span class='ocrx_word' id='word_1_212' title='bbox 610 2426 679 2477; x_wconf 88' lang='lat' dir='ltr'><strong>licet</strong></span> <span class='ocrx_word' id='word_1_213' title='bbox 693 2440 789 2476; x_wconf 80' lang='lat' dir='ltr'><strong>verum</strong></span> <span class='ocrx_word' id='word_1_214' title='bbox 804 2423 953 2491; x_wconf 85' lang='lat' dir='ltr'><strong>exquirere</strong></span> <span class='ocrx_word' id='word_1_215' title='bbox 960 2424 1025 2476; x_wconf 85' lang='lat' dir='ltr'><strong>siue</strong></span> 
     </span>
     <span class='ocr_line' id='line_1_34' title="bbox 214 2492 1025 2562; baseline -0.001 -17"><span class='ocrx_word' id='word_1_216' title='bbox 214 2492 329 2556; x_wconf 76' lang='lat' dir='ltr'><strong>invidia,</strong></span> <span class='ocrx_word' id='word_1_217' title='bbox 344 2494 412 2545; x_wconf 91' lang='lat' dir='ltr'><strong>mihi</strong></span> <span class='ocrx_word' id='word_1_218' title='bbox 422 2494 586 2561; x_wconf 85' lang='lat' dir='ltr'><strong>praesertim</strong></span> <span class='ocrx_word' id='word_1_219' title='bbox 597 2494 632 2546; x_wconf 92' lang='lat' dir='ltr'><strong>dc</strong></span> <span class='ocrx_word' id='word_1_220' title='bbox 642 2495 782 2562; x_wconf 86' lang='lat' dir='ltr'><strong>plerisque</strong></span> <span class='ocrx_word' id='word_1_221' title='bbox 791 2492 945 2546; x_wconf 85' lang='lat' dir='ltr'><strong>dubitanti.</strong></span> <span class='ocrx_word' id='word_1_222' title='bbox 982 2494 1025 2545; x_wconf 90' lang='lat' dir='ltr'><strong>ln·</strong></span> 
     </span>
     <span class='ocr_line' id='line_1_35' title="bbox 215 2563 1025 2631; baseline 0.002 -19"><span class='ocrx_word' id='word_1_223' title='bbox 215 2563 374 2630; x_wconf 84' lang='lat' dir='ltr'><strong>spiciamus,</strong></span> <span class='ocrx_word' id='word_1_224' title='bbox 385 2565 409 2615; x_wconf 87' lang='lat' dir='ltr'><strong>si</strong></span> <span class='ocrx_word' id='word_1_225' title='bbox 420 2564 522 2631; x_wconf 80' lang='lat' dir='ltr'><strong>piacet,</strong></span> <span class='ocrx_word' id='word_1_226' title='bbox 534 2569 600 2616; x_wconf 83' lang='lat' dir='ltr'><strong>exta</strong></span> <span class='ocrx_word' id='word_1_227' title='bbox 609 2566 737 2630; x_wconf 84' lang='lat' dir='ltr'><strong>primum.</strong></span> <span class='ocrx_word' id='word_1_228' title='bbox 757 2563 926 2617; x_wconf 85' lang='lat' dir='ltr'><strong>Persuaderi</strong></span> <span class='ocrx_word' id='word_1_229' title='bbox 936 2563 1025 2630; x_wconf 83' lang='lat' dir='ltr'><strong>igitur</strong></span> 
     </span>
    </p>

    <p class='ocr_par' dir='ltr' id='par_1_5' title="bbox 144 2632 1041 2769">
     <span class='ocr_line' id='line_1_36' title="bbox 216 2632 1026 2700; baseline 0 -17"><span class='ocrx_word' id='word_1_230' title='bbox 216 2634 345 2700; x_wconf 85' lang='lat' dir='ltr'><strong>cuiquam</strong></span> <span class='ocrx_word' id='word_1_231' title='bbox 356 2639 463 2700; x_wconf 87' lang='lat' dir='ltr'><strong>potest,</strong></span> <span class='ocrx_word' id='word_1_232' title='bbox 484 2650 530 2696; x_wconf 82' lang='lat' dir='ltr'><strong>ea,</strong></span> <span class='ocrx_word' id='word_1_233' title='bbox 549 2648 622 2699; x_wconf 83' lang='lat' dir='ltr'><strong>quae</strong></span> <span class='ocrx_word' id='word_1_234' title='bbox 634 2634 786 2700; x_wconf 77' lang='lat' dir='ltr'><strong>significari</strong></span> <span class='ocrx_word' id='word_1_235' title='bbox 797 2632 930 2688; x_wconf 85' lang='lat' dir='ltr'><strong>dicuntur</strong></span> <span class='ocrx_word' id='word_1_236' title='bbox 941 2633 1026 2693; x_wconf 78' lang='lat' dir='ltr'><strong>extis,</strong></span> 
     </span>
     <span class='ocr_line' id='line_1_37' title="bbox 144 2695 1041 2769; baseline 0.002 -18"><span class='ocrx_word' id='word_1_237' title='bbox 144 2695 148 2704; x_wconf 76' lang='grc'><strong>“</strong></span> <span class='ocrx_word' id='word_1_238' title='bbox 216 2702 330 2766; x_wconf 75' lang='lat' dir='ltr'><strong>cognita</strong></span> <span class='ocrx_word' id='word_1_239' title='bbox 342 2718 402 2756; x_wconf 85' lang='lat' dir='ltr'><strong>csse</strong></span> <span class='ocrx_word' id='word_1_240' title='bbox 413 2704 447 2756; x_wconf 86' lang='lat' dir='ltr'><strong>ab</strong></span> <span class='ocrx_word' id='word_1_241' title='bbox 458 2701 652 2769; x_wconf 83' lang='lat' dir='ltr'><strong>haruspicibus</strong></span> <span class='ocrx_word' id='word_1_242' title='bbox 663 2703 858 2756; x_wconf 74' lang='lat' dir='ltr'><strong>observatione</strong></span> <span class='ocrx_word' id='word_1_243' title='bbox 872 2701 1026 2755; x_wconf 71' lang='lat' dir='ltr'><strong>diuturna!</strong></span> <span class='ocrx_word' id='word_1_244' title='bbox 1040 2701 1041 2704; x_wconf 74' lang='grc'>’</span> 
     </span>
    </p>
   </div>
   <div class='ocr_carea' id='block_1_3' title="bbox 364 2829 368 2858">
    <p class='ocr_par' dir='ltr' id='par_1_6' title="bbox 364 2829 368 2858">
     <span class='ocr_line' id='line_1_38' title="bbox 364 2829 368 2858; baseline 0 0"><span class='ocrx_word' id='word_1_245' title='bbox 364 2829 368 2858; x_wconf 77' lang='lat' dir='ltr'><strong>i</strong></span> 
     </span>
    </p>
   </div>
   <div class='ocr_carea' id='block_1_4' title="bbox 0 0 1052 3025">
    <p class='ocr_par' dir='ltr' id='par_1_7' title="bbox 0 0 1052 3025">
     <span class='ocr_line' id='line_1_39' title="bbox 0 0 1052 3025; baseline 0 0"><span class='ocrx_word' id='word_1_246' title='bbox 0 0 1052 3025; x_wconf 95' lang='lat' dir='ltr'><strong> </strong></span> 
     </span>
    </p>
   </div>
  </div>
 </body>
</html>
