2084 3025
187 161 243 212 DE
262 161 518 216 SENECTUTE
537 163 729 221 cAP.19.2o.
826 166 862 219 29

52 265 142 328 notit,
153 275 254 316 natuno
265 265 404 320 dissolvit.
433 268 491 326 lam
498 270 593 320 omnis
604 269 808 338 conglutinatio
820 285 863 322 re·

54 353 121 389 cons
134 350 234 403 aegre,
254 336 413 390 inveterato
428 337 510 397 facile
528 338 678 393 divellitur,
715 341 809 403 ttant,
831 346 863 391 ut

53 405 127 458 illud
136 406 221 456 breve
233 407 307 458 sitae
323 407 459 475 reliquum
470 425 521 460 nec
531 410 612 461 avide
625 410 810 476 appetendum
822 426 863 462 se·

53 477 147 537 nibus,
160 490 210 527 nec
221 476 280 528 sine
291 491 391 530 caussa
402 477 641 539 deserendumsit.
670 479 711 530 73.
723 478 863 547 Vetotque

52 544 244 614 Pythagoras,
256 544 360 598 iniussn
373 548 560 616 Imperatoris,
569 549 600 600 id
609 559 657 611 est,
669 547 733 611 Dei,
744 551 774 600 de
781 566 862 617 prae·

52 615 125 670 sidio
142 624 170 667 et
184 614 304 667 statione
319 617 391 673 vitae
406 620 539 675 decedere.
580 613 863 685 Solonisqnidemsa'·

54 684 161 754 pientio
174 685 297 753 elogium
307 693 362 748 est,
383 704 437 754 quo
452 705 479 740 ee
490 698 573 757 negat
588 691 652 740 velle
664 705 741 740 suone
752 698 863 740 monem

39 759 147 807 ‚dolore
160 754 308 806 anticorum
320 765 347 808 et
358 757 601 811 lomentieoocore.
638 756 717 819 Vult,
725 757 822 820 (eredo,
834 773 863 809 se

54 841 119 878 esse
129 838 226 875 carum
236 825 302 876 sois.
339 825 393 878 Sed
405 825 478 881 houd
487 828 558 889 scio,
570 843 604 877 on
616 826 716 878 melius
728 827 846 878 Ennius:

90 893 231 1015 Nemssme
244 893 371 948 lacrumis
382 894 497 961 decoret,
507 895 744 966 necfonerafleta
816 938 818 941 .

183 964 253 1016 exit.

53 1038 98 1101 ⁷4.-
110 1033 177 1086 Non
189 1041 282 1087 censet
293 1035 441 1102 lugendam
454 1051 514 1089 esse
526 1041 654 1097 mortem,
666 1036 866 1119 qunm'immor·

53 1105 157 1158 tnlitas
181 1117 374 1171 consequatur.
409 1106 468 1158 lam
489 1120 586 1157 sensus
608 1110 740 1159 monenti
763 1106 865 1175 aliquis

54 1191 119 1227 esse
137 1179 245 1241 potest3
266 1176 345 1242 isque
360 1176 395 1228 ed
411 1176 541 1244 exiguum
557 1183 678 1243 tempus,
701 1179 864 1243 praesertim

53 1244 131 1298 seni:
149 1250 343 1310 postmortem
357 1246 467 1314 quidem
481 1246 578 1297 sensus
589 1253 638 1313 out
650 1246 796 1312 optandus,
816 1253 865 1297 eut

54 1314 153 1366 nullus
165 1319 217 1364 est.
253 1313 308 1366 Sed
324 1313 377 1365 hoc
390 1316 553 1371 meditatum
562 1316 602 1365 ab
618 1315 808 1367 adolescentie
819 1315 865 1366 de·

53 1388 104 1439 bet
116 1398 190 1448 esse,
202 1395 319 1437 mortem
331 1392 362 1435 ut
374 1386 560 1454 negligamus:
573 1385 633 1437 sine
646 1384 865 1452 quameditatio-

54 1470 91 1506 ne
103 1453 259 1520 tranquillo
270 1470 329 1505 esse
345 1456 437 1506 anime
455 1471 535 1507 nenne)
552 1460 654 1521 potest.
690 1454 864 1506 Moriendum

57 1525 136 1579 enim
150 1531 226 1575 certe
239 1531 293 1576 est:
306 1532 334 1576 et
345 1525 375 1576 id
385 1527 532 1587 incertum,
543 1541 578 1575 on
591 1540 625 1577 eo
638 1525 699 1590 ipso
712 1526 766 1577 die.
791 1524 866 1576 Mor·

55 1604 117 1648 tem
128 1594 217 1661 igitur
232 1594 359 1647 onmibus
370 1595 446 1646 horis
460 1595 666 1661 impendentem
680 1595 796 1658 timens,
819 1600 865 1663 qut

51 1671 164 1744 poterit
173 1669 267 1721 animo
280 1661 451 1719 consisteret
479 1666 522 1720 75.
539 1668 582 1718 Do
594 1681 649 1735 qua
660 1681 716 1717 non
729 1667 771 1714 ita
782 1663 868 1730 longa

51 1743 250 1810 disputatione
262 1753 333 1803 opus
345 1753 405 1788 esse
416 1736 537 1799 videtur,
552 1753 636 1804 quum
650 1734 794 1794 recorder,
812 1747 867 1781 son

51 1815 87 1870 L.
98 1812 236 1870 Brutum,
259 1808 348 1874 quiin
364 1807 511 1858 liberanda
528 1810 620 1873 patria
635 1812 677 1859 est
693 1803 868 1864 interfectus,

58 1899 119 1935 non
130 1880 186 1931 duo
197 1879 309 1941 Demos,
328 1878 376 1945 qui
385 1878 421 1929 ed
432 1875 617 1928 voluntariam
629 1882 745 1924 mortem
759 1885 869 1924 cursum

58 1965 199 2021 equorum
207 1949 405 2010 incitaverunt,
428 1962 483 1997 non
491 1946 532 1996 Μ.
545 1945 683 2005 Attilium,
705 1943 751 2009 qui
764 1942 798 1994 ad
809 1956 871 2007 sup·
920 1959 928 1972 κ

59 2022 179 2093 plinium
190 2026 233 2069 est
251 2018 406 2085 profectus,
426 2024 459 2067 ut
471 2016 553 2067 fidem
569 2012 643 2065 hosti
655 2014 748 2063 datam
762 2026 870 2063 conser-

60 2098 155 2154 varet,
175 2105 230 2139 non
241 2090 296 2140 duo
308 2088 463 2156 Scipiones,
484 2086 532 2152 qui
542 2084 597 2136 iter
607 2083 708 2134 Poenis
718 2082 763 2132 vel
775 2096 869 2146 corpo·

60 2164 144 2217 ribus
160 2159 219 2210 suis
234 2161 382 2211 obstruere
394 2157 558 2216 voluerunt,
577 2169 631 2204 non
648 2168 731 2203 avum
745 2159 823 2202 tuum
838 2148 869 2200 L

60 2230 209 2291 Paullum,
228 2231 277 2295 qui
291 2237 381 2280 morte
396 2227 450 2280 luit
468 2226 593 2291 collegae
607 2225 635 2272 in
647 2221 784 2274 Cannensi
794 2220 870 2299 igno·

62 2302 156 2355 minia
166 2291 366 2360 temeritatem,
385 2313 438 2348 non
448 2296 487 2346 M.
498 2294 673 2354 Marcellum,
686 2293 762 2343 cuius
774 2291 872 2359 interl·

62 2382 126 2427 tum
137 2384 174 2421 ne
189 2368 398 2420 crudelissimus
409 2365 521 2434 quidem
532 2363 621 2414 hostis
636 2358 873 2426 honoresepultu-

63 2460 114 2496 rae
133 2454 231 2492 carere
247 2453 345 2505 possus
365 2443 422 2499 est,
444 2434 494 2487 sed
507 2433 633 2502 legiones
654 2437 778 2491 nostras,
798 2426 871 2494 quod

64 2510 171 2578 scripsi
181 2510 210 2561 in
224 2508 396 2579 onge'nioos,
415 2507 444 2556 in
456 2520 519 2556 eum
534 2518 616 2568 saepe
627 2501 720 2550 locum
732 2498 872 2577 prolectas

65 2582 157 2636 alacri
168 2580 261 2631 animo
273 2587 301 2631 et
314 2584 420 2638 erecto,
440 2573 514 2625 unde
529 2588 559 2623 se
575 2580 723 2634 numquam
735 2566 872 2618 redituras

67 2653 285 2706 arbitrarentur.
322 2647 402 2710 Quod
416 2645 502 2713 igitur
516 2640 720 2697 adolescentes,
744 2647 773 2686 et
783 2635 806 2685 ii
817 2634 873 2700 qui-

68 2724 134 2776 dem
146 2711 203 2773 non
214 2720 303 2772 solum
309 2717 424 2779 indocti,
436 2713 485 2766 sed
496 2712 583 2765 etiam
593 2705 690 2760 rustici
697 2710 872 2757 contemnunt
