2084 3025
152 133 202 196 m
320 127 359 180 Μ.
381 125 533 180 TULLlI
548 82 783 179 'clcssnoons

149 236 213 289 ariis
223 233 356 287 excitata.
368 261 400 269 -
412 233 448 283 At
459 223 596 284 creditum
607 238 649 284 est
657 230 959 299 aliquandoSardis.-

149 308 187 360 Et
198 305 318 357 fortasse
330 301 462 354 credetur
474 302 638 370 aliquando,
659 303 684 354 si
699 303 807 370 integri
826 305 962 367 venerint,
1026 362 1028 376 1

150 377 174 438 si
185 374 353 441 incorrupti,
371 374 397 424 si
407 389 459 425 sua
469 379 577 507 sponte,
598 375 624 424 si
634 373 822 425 nonalieuius
834 374 963 441 impulsu,

151 447 175 499 si
185 445 286 507 soluti,
306 445 333 495 si
343 443 435 495 liberi.
498 459 551 496 uae
560 444 586 494 si
597 452 693 498 erunt:
712 450 809 494 tamen
820 444 876 495 sibi
887 443 964 504 credi

150 515 293 585 gaudeant
303 520 332 566 et
342 515 485 580 mirentur.
514 515 605 577 Quum
616 529 683 567 rero
695 514 790 566 omnia
800 515 910 566 absint:
923 521 963 566 ta·

150 601 216 638 men
230 602 261 638 se
275 600 333 637 non
346 583 516 652 respicienti
538 585 698 653 nongentis
707 600 775 637 suae
786 582 894 636 famam
905 599 963 654 per·

94 677 99 682 ’
149 654 331 709 horrescentl

203 725 249 778 42.
268 724 492 785 Fallacissimum
507 739 596 793 genus
613 741 674 777 esse
685 722 859 777 Phoenicum
870 723 963 777 omnia

151 801 331 849 monumenta
345 796 494 850 vetustatis
509 803 594 863 atque
609 810 705 846 onmes
725 794 868 847 historiae
885 795 964 846 nobis

130 919 132 926 ,
150 865 343 935 prodiderunt.
371 867 414 918 Ab
422 864 465 917 lris
477 865 535 917 orti
544 865 633 918 Poeni
643 865 739 915 multis
750 863 963 932 Carthaginien·

57 953 59 958 ·
151 938 223 988 sium
235 936 447 997 rebellionibus,
467 935 564 987 multis
580 936 694 986 titulatis
705 934 965 1001 tractisquefoedc·

150 1008 228 1060 ribus
239 1005 309 1058 nilril
320 1021 354 1058 se
367 1005 553 1073 degenerasse
564 1004 729 1057 docuerunt.
764 1006 788 1056 Α
799 1003 906 1057 Poenis
918 1004 964 1055 acl·

150 1076 240 1130 mixto
255 1076 385 1127 Afrorum
406 1090 507 1141 genere
524 1074 606 1130 Sardi
622 1090 678 1131 non
695 1074 811 1146 deducti
825 1076 857 1125 in
872 1073 964 1127 Sardi·

151 1148 229 1198 niam
240 1150 324 1213 atque
334 1145 375 1196 ibi
388 1146 542 1208 constituti,
563 1145 615 1197 sed
624 1145 767 1196 aneandati
781 1150 810 1197 et
822 1143 965 1211 repudiati

153 1216 253 1270 coloni.
288 1213 332 1267 43.
352 1213 446 1276 Quare
454 1235 468 1279 ,·
482 1231 566 1284 quum
577 1216 681 1283 integri
690 1214 759 1280 nihil
770 1213 860 1267 fuerit
871 1215 902 1265 in
914 1212 965 1265 hac

151 1294 235 1357 gente
250 1285 344 1354 plena:
367 1299 449 1352 quam
465 1286 548 1340 valde
566 1302 628 1337 eam
644 1291 775 1352 putamus
785 1282 966 1340 tottrunsiu·

152 1358 280 1409 sionibus
292 1355 452 1407 coacuisset
471 1357 528 1407 Hie
540 1354 611 1407 milii
621 1357 748 1424 ignoscet
759 1356 808 1406 Cn.
819 1354 966 1406 Domitius

152 1424 290 1488 Sincaius,
299 1442 342 1478 ru·
353 1417 555 1489 ornatissimus,
560 1424 661 1493 hospes
672 1432 700 1478 ct
711 1425 862 1476 familiaris
871 1440 966 1489 metm

151 1495 298 1564 ignoscent
313 1497 430 1565 denique
447 1512 541 1550 ornnes
556 1495 702 1550 abeodem
715 1498 763 1548 cn.
778 1494 917 1562 Pompeip
929 1494 967 1545 ei·

151 1567 241 1619 vitate
252 1567 356 1629 donati,
367 1582 484 1634 quorum
495 1574 590 1619 tamen
603 1568 725 1618 omnium
736 1565 904 1618 laudatione
915 1562 973 1616 uti-¹

151 1651 227 1700 mur3
254 1638 471 1706 ignoscent‘alii
490 1638 547 1689 riri
566 1638 635 1689 boni
655 1652 688 1688 eu
709 1636 856 1697 Sardinia,
880 1635 967 1688 credo

92 1738 97 1742 -
151 1707 225 1758 enim
238 1723 299 1759 esse
312 1707 455 1774 quosdam.
490 1707 536 1759 44.
552 1707 654 1773 >Neque
667 1722 729 1775 ego,
740 1722 828 1773 ouum⁴
837 1705 873 1756 de
883 1705 966 1757 vitiis

150 1778 244 1844 gentis
260 1777 376 1845 loquor,
394 1777 533 1829 neminem
549 1778 668 1844 excipio.
704 1776 759 1829 Sed
775 1793 792 1828 a
807 1791 853 1827 me
869 1782 918 1826 est
933 1774 967 1827 de

149 1848 280 1897 universo
301 1861 403 1913 genere
424 1847 588 1909 dicendum,
610 1849 642 1899 in
662 1862 716 1915 qno
732 1847 856 1898 sonasse
877 1845 967 1912 aliqui

150 1916 207 1967 suis
223 1916 346 1968 moribus
363 1922 393 1969 et
413 1915 588 1970 humanitate
609 1918 705 1985 stirpis
720 1918 808 1984 ipsius
824 1922 854 1969 et
869 1916 967 1984 gentis

149 1984 221 2036 vitia
239 1986 378 2039 vicerunt.
413 1987 553 2056 Magnam·
568 1989 679 2055 quidem
691 2003 757 2040 esse
776 1993 889 2054 partem
904 1986 966 2038 sino

149 2055 220 2118 fide,
240 2055 300 2110 sine
315 2057 452 2109 societate
470 2064 499 2108 et
517 2059 714 2110 coniunctione
729 2056 851 2108 nominis
862 2056 965 2119 nostri,

148 2139 194 2178 res
205 2126 269 2192 ipsa
278 2126 413 2192 declarat.
450 2130 532 2190 Quae
541 2134 584 2179 est
595 2130 668 2180 enim
680 2134 792 2195 practer
801 2125 966 2178 Sardiniam

148 2196 317 2263 provincia.
328 2212 402 2264 quae
418 2197 525 2248 nullam
541 2195 643 2250 habeat
658 2200 775 2249 amicam
790 2196 900 2264 populo
911 2196 966 2247 Ro·

147 2278 231 2317 mano
247 2282 280 2319 ae
296 2267 414 2319 liberam
431 2267 592 2319 civitatem!
626 2267 670 2320 45.
682 2283 708 2320 a
728 2267 824 2318 Africa
838 2267 904 2334 ipse
918 2280 966 2332 pa·

146 2347 212 2385 rens
221 2335 274 2388 illu
282 2335 437 2398 Sardiniae,
450 2352 521 2403 quac
532 2338 653 2403 plurima
665 2344 694 2391 et
704 2337 888 2388 acerbissima
902 2349 965 2387 curn

147 2402 302 2454 maioribus
312 2406 506 2458 nostrislsella
515 2408 612 2474 gessit,
618 2410 674 2459 non
685 2407 776 2459 solnm
788 2404 965 2457 fidelissimis

146 2472 253 2537 regnis,
264 2473 313 2524 sed
324 2473 410 2524 etiarn
421 2475 452 2525 in
460 2475 522 2541 ipsa
533 2479 680 2542 provincia
689 2492 720 2529 sc
731 2493 749 2527 a
759 2477 901 2528 societate
911 2473 964 2527 Pu·

145 2539 274 2591 nieorum
293 2541 436 2593 bellorum
458 2545 542 2595 Utica
560 2554 634 2599 teste
652 2546 785 2599 defendit.
821 2546 965 2613 Hispania

145 2606 275 2689 ulterior,
285 2609 444 2676 Scipionum
457 2614 612 2670 interimet
649 2618 695 2670 dei
708 2617 882 2687 seguntinae
894 2630 964 2685 rogo

144 2675 309 2745 minuata,
324 2679 406 2736 latet
420 2684 589 2742 Gaditanum
601 2688 741 2743 cecitatem
753 2686 869 2758 officiis,
887 2683 964 2755 peri·

356 2784 362 2795 .
391 2764 409 2792 0
