2084 3025
178 136 230 191 458
370 132 549 191 lnonnTl
565 130 781 190 AUCTORlS

180 232 252 292 bunc
269 245 377 307 patrem
394 236 683 308 putemuslacturmn
707 236 812 300 luisse,
834 237 862 291 ri
879 232 955 289 filius
967 237 992 289 ir

180 326 276 384 pugna
288 308 401 362 fortiter
413 309 548 361 dimicans
559 308 745 368 occubuisset,
761 308 814 374 qui
825 308 934 359 nullius
944 310 994 360 cul·

202 396 234 433 ae
250 380 392 432 conscium
410 378 498 435 illium
517 378 708 430 crudelissime
722 378 866 431 trucidari
882 393 938 431 uon
954 378 993 429 do-

181 394 285 502 fueriti
297 449 369 507 llum
381 448 535 510 credamus,
547 448 597 505 lilii
608 453 729 505 mortem
739 446 896 501 honestam
908 464 942 500 ae
950 461 993 515 pro

186 520 278 588 patria
287 525 446 585 susceptam
457 518 509 568 tali
525 518 598 587 patri
614 516 737 572 futuram
750 516 842 570 fuisse
859 518 996 570 iucundis

184 588 301 643 simami
331 588 494 642 Nectamen
505 587 612 650 dubito,
622 587 778 655 permultos
790 586 873 651 lore,
893 588 945 655 qni
954 587 995 638 ire

186 660 261 729 pium
278 658 373 723 illum,
394 672 428 709 ac
445 671 533 729 paene
549 658 688 710 viscerum
705 672 821 709 suorum
840 658 995 709 carnificem

185 733 294 782 vocent.
331 725 388 782 seo
400 725 592 791 faeiantsane,
612 734 643 778 ut
659 727 754 792 lubet;
777 727 845 781 dum
864 726 922 779 hbe
939 724 996 777 mibi

187 797 349 860 concedant,
365 794 522 865 exemplum
533 795 587 849 hoc
597 796 773 855 fortitudinis
787 813 823 850 ae
835 797 945 851 devicti
956 796 995 848 do

186 867 257 921 loris
268 882 330 919 esse
340 867 605 939 praeclarissimum.
631 866 713 935 Quod
724 867 749 919 si
760 866 805 918 ita
817 874 874 931 est,
887 872 921 919 ut
931 866 997 918 inir-

186 950 247 990 mos
259 937 368 989 animos
378 943 505 1004 spectata
516 943 675 993 ceterorum
686 937 776 989 virtus
790 938 889 1006 erigat
901 943 930 990 et
942 952 996 987 cos·

187 1007 292 1069 firmet,
316 1021 396 1074 quem
415 1022 577 1060 censeamus
596 1008 653 1060 ian
676 1006 769 1072 dolori
790 1021 996 1065 concessurum,

185 1092 269 1146 quum
280 1082 339 1128 tam
351 1076 454 1128 multos
465 1077 576 1139 audiat,
602 1077 653 1146 qni
663 1093 696 1128 se
706 1076 782 1143 ipsos
799 1077 831 1128 lu
846 1077 950 1129 dolore
959 1089 996 1125 su·

186 1146 318 1216 perarint.
355 1145 509 1209 Quocirca,
529 1152 588 1197 tam
611 1146 701 1197 multa
719 1150 851 1198 veterum
874 1145 997 1213 exempla

186 1216 329 1285 colligere,
339 1231 448 1279 vereor,
460 1230 494 1267 ne
503 1230 746 1282 supervacaneum,
756 1224 807 1267 snt
816 1215 944 1279 tirrtssse
954 1229 995 1283 pn·

185 1286 276 1338 tldum
286 1284 424 1337 videatur.
461 1285 579 1347 Quodsi
590 1286 690 1337 ceteris
701 1292 823 1349 tantum,
843 1292 877 1338 et
888 1302 946 1338 non
954 1298 995 1335 no-

185 1354 365 1423 bismetipsis,
384 1355 579 1418 scriberemus,
597 1355 716 1407 fortasse
727 1356 879 1409 breviores
891 1356 923 1408 in
933 1353 996 1406 scri-

185 1427 286 1488 bendo,
301 1425 331 1476 in
343 1425 479 1492 exemplis
490 1432 585 1479 nutem
596 1426 774 1480 recensendis
786 1425 879 1478 etiam
892 1427 994 1494 priores

71 1534 86 1552 -i
186 1509 317 1550 essemus.
353 1493 410 1547 Sed
420 1496 452 1547 lit
463 1497 558 1549 nescio
570 1495 718 1564 quomodo,
728 1502 759 1548 ut
771 1511 808 1549 ex
820 1496 946 1549 aliorum
957 1510 995 1547 ea·

184 1566 260 1619 sibus
268 1564 304 1617 ad
314 1565 389 1618 mala
398 1572 493 1617 nostra
503 1566 629 1618 sananda
638 1566 805 1620 medicinam
817 1567 994 1636 colligemus.

185 1634 272 1687 Nobis
284 1633 395 1704 quidem
408 1636 455 1687 -ita
467 1636 594 1688 videtur:
616 1643 658 1700 et,
679 1652 762 1705 quum
774 1643 879 1688 nostro
891 1633 997 1689 vulneri

83 1707 90 1716 ”
185 1705 358 1772 medeamur,
380 1706 477 1762 mirari
486 1705 695 1759 nondebebunt
706 1708 754 1774 qui
765 1704 838 1758 haec
856 1707 890 1758 in
901 1718 996 1758 manus

185 1780 308 1836 sument,
329 1774 430 1842 siquid
448 1774 570 1832 fortasse
581 1776 679 1850 paullo
693 1788 862 1842 expressum
885 1776 995 1830 uberius

185 1845 348 1897 invenerint.
367 1843 522 1916 llludeerte
533 1843 861 1913 propositumbabemus,
873 1845 996 1898 utomui·

184 1917 234 1968 bus
245 1914 388 1964 nobiscum
399 1915 544 1981 prodesse,
555 1915 730 1982 omniumque
739 1915 844 1978 dolori,
858 1932 946 1985 quam
956 1930 996 1968 ac·

184 1983 359 2036 curatissime
370 1977 543 2052 lieripossit,
560 1986 779 2050 consolationem
789 1985 900 2040 afferre
911 1984 996 2055 possi·

186 2068 253 2108 mus.
289 2054 476 2117 Quamobrem
495 2051 538 2106 his
554 2054 746 2114 enumerandis
765 2062 900 2109 nostram
918 2055 995 2107 ualde

186 2122 309 2174 imminui
323 2128 408 2191 atque
419 2124 538 2183 allevari
552 2124 709 2176 molestiam
722 2125 906 2192 experimurz
928 2133 995 2179 cete

186 2193 223 2244 ris
234 2192 308 2245 idem
319 2199 456 2260 «optamus,
477 2208 525 2256 nc,
546 2193 677 2247 sidicere
687 2194 781 2258 liceat,
803 2194 897 2247 ctiam
908 2211 996 2263 spere

185 2273 254 2314 mois.
289 2259 361 2314 Nam
371 2261 400 2314 in
411 2268 491 2316 tanin
500 2262 546 2320 vel
558 2270 785 2331 argumentorum
795 2265 843 2318 uel
854 2266 996 2333 exemplo·

184 2331 352 2399 numenoio,
373 2332 472 2400 qulbus
485 2348 514 2384 se
526 2333 651 2402 legentes
665 2346 753 2400 paene
764 2335 848 2386 obrui
864 2336 995 2396 sentient,

168 2401 278 2518 ,0⁰‘F'lss
299 2417 333 2506 se4
349 2401 522 2458 immobilem
543 2406 596 2463 aot
615 2404 645 2460 in
663 2403 761 2460 dolore
787 2404 996 2464 inexorabilcn

139 2509 149 2520 0
181 2477 330 2533 praemet.
842 2496 844 2499 ⁴

451 2537 711 2597 Desuntnonnulla.

182 2600 240 2656 Nec
254 2620 321 2656 vero
337 2606 452 2673 ignoro,
475 2612 757 2664 nonnullainterdum
770 2613 920 2681 accidere,
941 2617 995 2682 qui·

95 2695 104 2704 κ
182 2670 231 2721 bns
241 2673 283 2724 ita
294 2676 474 2740 perturbetur
484 2687 513 2733 et
524 2683 697 2749 opprimatur
708 2684 827 2747 annius,
837 2691 872 2739 ut
884 2701 903 2737 a
913 2685 996 2740 niedi-
