2084 3025
242 142 342 197 ΗΒ,
359 143 380 195 1.
416 139 626 198 canamus
799 141 849 196 179

60 243 92 301 dn
102 245 172 299 oculi
182 261 237 297 non
248 243 329 312 fungi
337 238 525 299 suo‘munere:
544 247 591 315 qui
601 248 646 300 rel
657 247 743 300 semd
753 246 795 299 ita
806 252 848 298 eat

57 331 115 366 usos
126 308 219 376 oeulis,
230 321 260 366 ut
270 330 338 367 vera
347 317 526 380 cerneret-,is
538 315 623 368 habet
634 332 743 370 sensum
756 316 849 367 oeulo-

57 400 111 437 ruru
121 400 186 436 tera
197 385 377 436 cernentium.
412 386 481 437 ltem
489 384 586 452 igitur,
600 387 626 438 si
635 386 695 438 siue
705 386 849 437 divinatio·

58 471 90 507 ne
99 470 150 506 nen
160 460 254 520 potest
260 453 381 506 officium
387 460 417 506 et
425 469 525 506 munus
535 454 713 509 divinationis
723 462 849 515 exstars;

57 530 246 592 potestantem
257 524 327 590 quis,
348 538 431 590 quum
441 524 640 577 divinationem
651 523 760 588 haheat,
777 539 850 577 erra·

55 609 83 646 re
92 592 248 660 aliquando,
266 608 319 645 nee
334 608 402 645 vera
414 608 540 647 eernere:
561 594 631 647 satis
646 601 690 647 est
703 592 740 646 ad
754 594 850 646 eonar-

54 662 177 716 mandam
188 661 395 726 divinationem,
410 664 497 717 semel
508 663 547 716 ali
567 663 616 715 uid
626 679 687 716 esse
697 663 739 715 ita
749 664 850 714 divina·

4 732 5 741 ’
55 739 117 795 tum,
126 739 158 784 ut
168 729 238 783 nihil
246 730 366 784 fortuito
377 733 510 787 eeeidisse
520 678 658 786 rideatur.
681 731 751 785 Sunt
760 740 850 785 autem

55 803 108 856 eius
118 802 229 870 generis
241 801 466 856 innumerabilia:
476 803 636 870 emergitur
644 801 852 865 divinationem,

55 871 235 924 eonfitendurn
246 876 319 926 est.“

101 940 228 993 xxxin.
246 942 288 994 72
308 940 463 1004 Quaerere
475 947 525 996 ant
539 942 701 996 eouieetura
714 940 852 1009 explicam

55 1017 104 1073 tur,
113 1017 160 1062 ant
172 1012 279 1063 eventis
289 1013 485 1065 animadversa
494 1019 524 1067 et
535 1018 634 1065 notata
644 1018 717 1074 sunt,
728 1025 762 1064 ea
773 1024 853 1080 gens·

55 1096 85 1134 ra
92 1079 242 1143 divinandi,
258 1087 384 1151 utsupra
395 1083 463 1146 dixi,
478 1098 533 1135 non
544 1083 694 1145 naturalia,
709 1080 758 1134 sed
766 1080 853 1134 artie

55 1150 124 1202 eiosa
134 1149 273 1202 dicuntur.
284 1150 317 1202 ln
328 1167 382 1219 quo
394 1151 562 1220 haruspices,
577 1167 704 1222 augures,
715 1151 853 1203 eonieeto·

54 1234 149 1287 resque
163 1227 352 1273 numerantur.
388 1222 468 1274 Haeo
481 1223 676 1290 improbantur
686 1237 705 1274 a
714 1220 855 1287 Peripate·

54 1290 126 1354 tieis;
148 1284 280 1341 aStoiois
292 1288 486 1344 defenduntur.
523 1292 647 1354 Quorum
663 1291 720 1343 alia
733 1296 798 1342 suat
808 1304 855 1355 po·

53 1359 106 1410 sita
118 1360 148 1411 in
165 1360 354 1413 monumentis
364 1367 393 1413 et
403 1361 562 1428 disciplina:
584 1361 659 1429 quod
674 1362 855 1412 Etruseorum

53 1429 193 1489 declarant
203 1435 232 1482 et
240 1428 417 1497 haruspicini,
435 1437 464 1484 ot
474 1429 638 1500 fulgurales,
648 1435 677 1482 et
688 1428 856 1480 tonitruales

52 1499 128 1563 iibri,
150 1499 338 1564 restrietiam
353 1500 512 1569 augurales:
533 1501 593 1555 alia
607 1507 702 1553 sutem
717 1497 811 1550 subito
823 1511 857 1549 ex

51 1577 176 1637 tempore
187 1570 348 1625 coniectura
362 1571 553 1638 explicantur,
573 1577 605 1623 ut
619 1569 694 1636 apud
704 1569 858 1622 Homerum

51 1638 183 1702 Galehas,
204 1640 252 1706 qui
267 1656 302 1696 ex
317 1655 461 1706 passerum
477 1655 592 1693 numero
603 1640 674 1693 belli
685 1636 800 1691 Troiani
813 1651 858 1687 an·

50 1724 100 1761 nos
115 1717 270 1777 auguratus
280 1716 336 1763 est:
357 1715 386 1763 et
397 1717 429 1762 ut
442 1711 472 1764 in
483 1710 580 1763 Sullae
592 1711 726 1776 seriptum
741 1705 858 1758 historia

50 1777 187 1841 ridemus,
196 1780 287 1847 =(pund,
301 1785 331 1832 te
340 1780 522 1847 inspectante,
538 1782 643 1833 factum
653 1786 705 1842 est,
720 1783 760 1839 ut,
775 1791 856 1844 quum

51 1846 98 1901 ilie
109 1850 138 1899 in
149 1863 220 1915 agro
232 1850 343 1901 Nolano
359 1850 520 1904 immolaret
537 1857 602 1903 ante
613 1847 801 1909 Praetorium,
822 1847 857 1898 ab

52 1918 147 1970 infima
160 1935 211 1970 ara
220 1921 311 1972 subito
323 1921 423 1989 anguis
434 1927 602 1986 emergeret3
612 1935 696 1987 quam
706 1917 817 1986 quidem
827 1917 856 1967 C.

52 1986 212 2040 Postumius
223 1987 361 2057 haruspex
371 1990 564 2053 oraretillum,
574 1996 606 2041 ut
615 1990 644 2041 in
654 1988 857 2055 expeditionem

54 2059 206 2110 exereitum
217 2058 359 2116 educeret:
374 2060 404 2112 id
415 2075 498 2128 quum
504 2058 584 2111 Sulla
593 2059 715 2121 fecisset,
725 2064 785 2109 turn
794 2062 859 2120 aute

53 2128 184 2194 oppidum
201 2128 304 2180 Nolam
318 2128 517 2182 florentissima
532 2129 697 2182 Samnitium
714 2134 807 2180 casua
816 2139 857 2176 oe·

4 2213 5 2216 ¹
51 2197 100 2261 pit.
141 2197 187 2251 ⁷3.
211 2198 478 2252 Factaeonieotura
502 2200 587 2252 etiam
607 2200 638 2250 in
655 2197 795 2266 Dionysio
815 2200 859 2247 est

4 2277 5 2282 ’
50 2269 144 2331 paullo
159 2275 244 2330 aute,
268 2284 351 2336 quam
372 2284 489 2337 regnare
509 2270 617 2336 eoepitz
639 2268 687 2337 qui
705 2280 787 2335 quum
808 2278 859 2330 pes

50 2350 146 2405 agnem
161 2338 329 2391 Leontinum
345 2335 536 2408 iterfaciens,
555 2354 654 2406 equum
665 2339 725 2404 ipse
733 2332 859 2388 demisis-

46 2416 84 2459 set
95 2411 125 2460 iu
136 2409 251 2470 flumen,
271 2407 429 2462 submers'us
440 2425 526 2476 equus
536 2408 724 2477 voraginibus,
741 2419 799 2455 -non
810 2416 857 2453 ex·

46 2478 129 2530 stitit:
144 2494 229 2548 quem
241 2486 324 2545 quum
335 2478 457 2531 maxima
466 2478 642 2531 contentione
653 2492 708 2529 nou
719 2471 861 2540 pomisstt

44 2550 206 2610 extrahere,
227 2548 363 2611 discessit,
384 2557 415 2600 ut
430 2550 470 2600 ait
483 2548 628 2609 Philistus,
649 2560 733 2612 aegre
753 2541 854 2619 ferens.

41 2615 136 2680 Quum
148 2625 243 2671 autem
254 2619 456 2685 aliquantulum
473 2633 638 2686 progressus
650 2619 738 2673 esset,
760 2608 854 2661 subito

39 2689 192 2742 exaudivit
201 2687 352 2751 hinnitum,
371 2689 562 2755 respexitque,
583 2694 616 2802 §tq
622 2696 721 2802 egnum
733 2679 853 2730 alacrem
