2084 3025
286 144 366 200 LlB'.
383 144 422 200 11.
451 144 642 202 calidifl
732 147 736 158 '
809 149 862 207 ili?

54 250 195 313 Deorum3
216 249 343 312 nullate,
357 250 644 314 nisiimmortulitate,
665 249 862 322 querulum

54 321 124 372 bene
134 319 285 370 vivendum
295 320 425 386 pertinet,
435 319 534 372 cedens
547 322 723 376 caelestibus.
752 322 861 383 Quibus

54 390 138 441 rebus
149 388 295 453 expositis,
306 387 376 440 satis
387 388 515 441 docuisse
520 391 625 453 videor,
636 388 863 450 hominisnotura

54 464 158 524 quanto
168 471 266 507 omnes
276 458 395 509 anteiret
405 459 568 511 animantes.
605 460 648 511 Ex
664 474 719 527 quo
729 459 813 512 (lebet
822 459 863 514 lu·

51 526 157 593 telligi,
179 542 230 605 uec
241 527 360 593 ligurem
371 527 509 594 situmque
519 529 713 582 membrorum
727 543 778 580 uec
786 529 862 597 inge·

50 610 94 670 1²¹¹
102 596 861 734 ffitlliflfflotlltitilttti‘tltmn

55 746 199 801 perorem,
220 733 326 795 omnia,
346 747 417 801 quae
436 733 492 784 sint
510 734 539 784 in
557 733 610 785 hoe
625 734 741 796 mundo,
761 735 863 802 quibua

57 808 174 853 utantur
188 799 327 863 homines,
346 800 488 853 hominum
502 818 601 854 caussa
622 802 698 855 lauta
707 819 768 855 esse
778 810 807 856 et
814 819 863 871 pu·

57 877 130 924 rata
165 868 308 935 Principio
323 870 382 937 ipse
396 871 513 922 mundns
528 871 652 924 Deorum
667 870 864 939 hominumque

58 955 159 991 caussa
169 936 262 989 faetus
272 944 327 991 est:
350 955 473 1006 quaeque
487 941 516 991 'ru
532 955 566 993 eo
576 947 654 1002 snut,
675 956 710 992 ea
720 940 865 1007 paratam
967 991 973 998 .

54 1009 181 1061 fructum
195 1006 339 1059 homiuum
354 1015 383 1060 et
396 1007 509 1061 inventa
523 1015 596 1061 suut.
633 1010 687 1061 Est
700 1009 771 1060 enim
788 1024 864 1062 mun-

55 1077 110 1129 ‹lus
122 1077 203 1144 quasi
214 1077 366 1128 communis
375 1077 500 1130 Deorum
514 1083 598 1144 atque
610 1076 752 1130 bominum
764 1079 864 1131 domus

52 1152 105 1199 eut
113 1146 183 1211 urbs
192 1153 383 1214 utrorumque.
419 1144 479 1197 Soli
489 1147 563 1199 enim
572 1147 682 1200 ratione
693 1153 811 1212 utentes,
821 1148 864 1202 iu·

52 1231 84 1269 ro
95 1231 129 1267 ac
139 1216 205 1283 lege
217 1216 324 1266 vivunt.
360 1215 396 1267 Ut
407 1214 494 1283 igitur
503 1214 623 1268 Athenas
639 1223 668 1269 et
677 1215 863 1269 Lacedaemo·
942 1253 951 1260 -

52 1301 128 1349 nem,
140 1282 696 1352 AtheniensiumLacedaemoniorumque
707 1300 807 1338 caussa
833 1300 864 1336 u·

53 1355 174 1407 tandum
185 1361 229 1407 est
240 1354 367 1405 conditas
379 1370 453 1405 esse:
466 1354 622 1422 omnisque,
633 1369 704 1421 quae
714 1354 771 1406 tint
780 1353 811 1404 iu
816 1299 863 1404 ils

54 1423 190 1485 urbibus,
210 1438 306 1475 eorum
316 1422 483 1489 populorum
494 1430 570 1476 recte
581 1438 643 1475 esse
653 1422 795 1474 dicuntum
813 1423 864 1484 sle,

55 1507 250 1564 quaecumque
262 1498 327 1544 suut
336 1492 365 1543 in
375 1493 450 1545 omni
460 1492 708 1556 manumulierum
720 1496 804 1558 atque
814 1488 863 1543 bo·

53 1565 165 1617 minum
181 1560 305 1628 putanda
319 1569 392 1615 suut.
430 1560 487 1615 155.
503 1562 562 1614 lam
571 1577 638 1613 veru
651 1561 784 1613 circuitus
793 1559 864 1610 solis

54 1641 84 1686 et
95 1633 193 1694 lunae,
213 1631 436 1699 reliquorumque
446 1631 578 1692 siderum,
601 1627 865 1696 quamquumetiam

54 1700 203 1754 odmundi
214 1698 421 1762 cohaerentiam
435 1701 590 1767 pertinent,
608 1705 702 1750 tamen
720 1704 749 1749 et
757 1704 865 1762 spocta-
903 1730 905 1741 ι

55 1773 152 1823 aulum
163 1769 324 1822 homiuibus
333 1764 480 1835 praebenti
494 1768 574 1821 nulla
584 1774 627 1821 est
637 1766 711 1820 enim
722 1765 865 1819 insatiabi-

54 1841 112 1892 lior
126 1839 250 1906 species,
269 1838 348 1892 nulla
362 1836 504 1908 pulchrior
518 1843 548 1890 et
564 1837 601 1888 ud
613 1834 753 1888 rationem
767 1835 867 1887 soller-

54 1911 185 1976 tiamque
194 1907 400 1974 praestantiori
418 1921 517 1960 eorum
534 1906 610 1961 euim
620 1919 715 1959 cursus
727 1903 866 1969 dimetati,

55 1979 243 2031 maturitates
256 1981 414 2043 temporum
429 1981 459 2030 et
471 1974 622 2026 varietates
639 1975 795 2027 mutatione
829 1988 865 2025 ue

57 2046 253 2116 eognovimus.
283 2042 564 2106 Quaesihominibus
575 2043 644 2094 solis
655 2049 803 2103 notarunt,
836 2056 866 2094 o·

56 2117 165 2168 minum
175 2113 252 2164 iacta
261 2129 322 2165 esse
332 2127 432 2167 mussa
441 2111 620 2167 iudicandum
630 2118 682 2165 eet.
706 2109 766 2165 llo.
776 2113 867 2164 'laria

58 2200 126 2238 vero
137 2185 200 2236 feta
214 2180 342 2250 frugibus
357 2188 386 2234 et
396 2182 474 2233 vario
486 2180 653 2248 leguminum
664 2192 778 2247 genero,
794 2194 867 2247 quae

58 2269 123 2306 utrm
132 2251 261 2304 maxima
269 2252 401 2319 largitate
411 2249 516 2312 fundit,
538 2266 573 2302 ea
582 2248 749 2312 ferarumne,
770 2264 807 2300 en
817 2246 867 2303 he·

58 2325 166 2376 minum
178 2336 279 2372 caussa
288 2321 402 2389 gignere
417 2318 548 2371 videtur?
569 2318 641 2379 Quid
657 2317 692 2371 de
701 2318 805 2368 vitibus
815 2316 868 2379 oli·

59 2393 192 2460 rotisque
204 2390 312 2441 dicaml
330 2404 447 2458 quarum
456 2387 591 2439 uberrimi
600 2386 800 2452 lautissimique
810 2384 869 2436 iru-

60 2470 121 2516 etue
133 2459 208 2512 nihil
219 2459 330 2510 omnino
340 2458 376 2509 ad
384 2456 490 2510 bestias
506 2456 653 2524 pertinent.
688 2455 784 2520 Neque
794 2452 869 2504 enim

59 2531 183 2593 serendi,
205 2543 294 2594 neque
312 2526 436 2587 colendi,
455 2541 507 2578 nec
524 2522 691 2590 tempestivo
712 2517 870 2596 demendi

60 2597 289 2668 percipiendique
298 2598 416 2657 bemus,
429 2608 518 2661 noque
530 2591 665 2644 condendi
674 2605 707 2641 ec
718 2582 871 2651 reponendi

58 2671 119 2722 ulla
132 2666 272 2739 pecudum
282 2665 401 2719 seientia
412 2672 468 2717 este
480 2674 630 2729 eurumque
640 2657 763 2710 omnium
768 2664 870 2737 rerum,
