2084 3025
195 157 245 215 132
364 162 403 237 m.
423 160 575 212 runnu
594 155 822 211 cronoonus

194 281 229 318 an
242 263 377 316 veritatoi
392 265 422 315 ln
434 280 487 331 quo
499 264 805 331 suspicionamomnem
816 260 896 311 tollit
908 260 936 309 G.
948 257 994 309 Cu·

129 329 139 338 '
192 335 280 386 rionis
290 336 380 385 virtus
392 335 572 402 aenigmtas,
595 341 624 385 ot
632 334 667 394 Q.
679 331 789 383 Metelli
800 330 997 389 adolescentia,

192 404 229 458 ad
241 420 377 455 summam
389 404 499 456 laudam
513 404 641 456 omnibus
651 404 733 453 robus
745 408 854 453 ornata.

250 473 275 526 3.
293 474 407 542 Legem,
418 475 516 541 inquit,
536 475 570 525 do
581 474 773 525 libertinorum
783 469 930 536 suffragiis
940 469 999 519 Cor·

196 543 363 596 nuliuscum
376 544 494 595 Manilio
511 544 600 599 dedit.
638 542 710 604 Quid
725 552 768 594 est
779 541 854 602 hoo,
876 537 998 591 orinal

197 613 328 665 Autolitl
338 630 374 665 an
384 614 510 681 rogaritl
521 630 556 664 an
567 613 696 663 hortatus
707 618 749 663 ost
758 611 770 662 l
780 611 851 662 Nam
863 608 1000 660 tulissoriae

200 684 385 753 diculumost‚
397 684 477 750 quasi
487 684 578 750 legem
590 684 711 750 aliquam
723 687 772 732 aut
783 680 819 732 ad
830 678 999 731 scribendum

200 752 357 815 difficilem,
375 753 469 805 autad
482 753 696 821 excogitandum
708 750 891 802 reconditam.
930 747 1001 808 Quae

200 823 247 878 lex
258 824 353 890 paucis
364 821 407 874 his
419 824 497 876 annis
508 838 563 874 non
573 822 657 874 modo
669 823 783 888 scripta,
796 820 844 871 sod
852 818 1001 870 etiamlau

200 901 293 945 esset(

251 953 276 1013 4'.
293 964 326 1014 In
346 977 400 1030 quo
422 977 506 1029 quum
526 962 617 1013 multa
628 957 799 1027 reprehensa
813 959 881 1021 sint,
894 965 960 1010 tum
971 960 1000 1008 in

198 1032 295 1106 primis
307 1032 437 1083 celeritas
450 1033 578 1083 actionis.

251 1099 276 1153 5.
289 1101 401 1152 Petivit
411 1110 534 1153 tamena
543 1099 726 1154 maPraotore
735 1098 999 1160 maxima-contesta-

199 1172 284 1233 tione,
296 1178 326 1222 ut
338 1187 464 1223 caussam
476 1172 588 1243 Manilii
599 1169 784 1225 defenderem.

199 1271 311 1310 vuaso
329 1274 468 1314 isarno
487 1272 635 1310 noceor„
677 1258 748 1308 Dicit
758 1257 790 1305 de
800 1256 897 1306 eodem
906 1257 999 1305 Manilii

516 1331 670 1377 Tribunatu.
750 1345 755 1349 ·
780 1327 782 1330 ’

250 1395 276 1447 6.
291 1395 363 1448 Nam
368 1410 457 1463 quum
468 1395 491 1445 is
501 1397 641 1447 Tribunus
651 1392 740 1461 plebis
751 1391 824 1443 (luas
835 1392 917 1460 legas
928 1393 999 1445 tulis-

198 1470 243 1518 sat
263 1466 292 1519 iu
311 1481 346 1519 oo
367 1466 549 1534 magistratu,
569 1480 652 1518 unam
672 1463 867 1532 perniciosam,
889 1464 998 1516 alteram

113 1582 117 1595 ,
169 1554 172 1559 ·
194 1537 354 1603 ogregiam:
373 1534 447 1603 quod
455 1553 593 1588 summam
604 1535 803 1604 rempublicam
816 1535 909 1595 laesit,
926 1534 960 1584 vid
969 1535 999 1583 ab

198 1604 259 1672 ipso
270 1608 397 1658 Tribuno·
406 1607 544 1661 abieotum
554 1613 607 1661 ost.
631 1607 740 1658 Bonum
751 1613 845 1655 autom
856 1606 886 1654 in
897 1621 1000 1655 summa

199 1675 455 1743 republioafmanot.
517 1677 521 1682 '

336 1764 407 1812 Dicit
418 1765 449 1813 de
460 1765 601 1814 ‹lisurrbato
614 1762 870 1814 iudiciollanssiano.

208 1864 210 1867 ’
251 1847 277 1896 i.
296 1846 365 1896 Aliis
376 1848 425 1897 ille
436 1847 466 1901 in
484 1845 700 1899 illunrlurorem
718 1847 828 1914 magnis
845 1844 1001 1898 hominibus
1031 1902 1032 1907 ,

200 1916 509 1980 αυοῒοτίὴυεάηιριιίευε
526 1925 580 1980 est,
602 1917 649 1984 qui
660 1917 772 1983 aliquod
790 1917 904 1969 institui
917 1934 1002 1970 axem·

199 1986 276 2053 plum
288 1984 534 2042 disturbandorum
551 1986 1001 2052 iudiciorum*perniciosissimum,
1031 1996 1032 2033 l

199 2055 440 2121 temporibus-suis
455 2056 790 2117 aocommodatissimum‚
813 2058 885 2109 meis
896 2058 1001 2111 olienis
1031 2064 1032 2069 ’

200 2125 301 2176 nimum
312 2125 476 2186 rationibus,
488 2126 640 2192 cupierunt.

450 2226 560 2263 vuaso
582 2228 669 2264 orno.
689 2227 756 2263 cxi.
1031 2218 1032 2247 r

251 2280 276 2331 8.
287 2278 403 2331 Possum
414 2279 665 2344 dicore,'hominom
676 2296 783 2332 summa
793 2282 944 2347 prudentia
954 2284 1002 2335 cla·

200 2365 261 2400 rum
274 2351 303 2400 C.
316 2350 425 2400 Cottam
438 2348 472 2401 do
483 2351 543 2402 suis
560 2351 670 2419 legibus
681 2351 852 2417 abrogandis
869 2353 959 2420 ipsum
971 2354 1002 2404 ad
1031 2356 1032 2383 r

203 2417 334 2470 Senatum
344 2414 483 2471 retulisse.
662 2472 664 2481 ,

508 2486 694 2548 susurrus.

252 2557 277 2607 9.
299 2555 413 2607 Possum
434 2564 463 2608 ot
478 2559 600 2609 eiusdem
619 2563 716 2611 Cottae
733 2560 824 2626 legem
841 2560 878 2613 de
895 2562 1000 2612 iudiciis

200 2624 316 2688 privatis
328 2640 399 2689 anno
410 2637 483 2692 post,
501 2643 583 2694 quum
594 2629 653 2681 lata
662 2629 707 2694 sit,
725 2628 841 2681 afratro
851 2632 915 2682 eius
928 2633 1001 2684 obro-

199 2698 305 2754 gaiam.
