2084 3025
303 100 380 171 erp.
398 102 436 156 ιι.
472 100 557 157 cae.
576 102 618 157 rr.
802 102 854 157 aot

43 207 213 275 acepissent,
232 220 283 258 nec
295 205 316 257 ii
331 204 440 273 quidem
453 205 693 273 contemptissimi,
703 204 752 258 sed
762 205 791 258 in
801 211 855 274 pri·

42 282 97 328 mis
107 279 202 338 acuti,
225 282 255 326 et
264 277 463 341 consequentia
473 284 501 327 et
514 276 698 344 repugnantia
712 276 853 329 videntes:

43 351 88 415 qui
102 360 195 413 prope
203 346 260 396 iam
271 344 394 396 absoluti
405 350 434 396 et
445 343 561 412 perfecti
574 352 715 412 putantur.
730 347 854 409 Quorum

43 417 181 468 licentiae
191 414 244 466 nisi
251 412 407 477 Carneades
417 416 579 479 restitisset,
589 414 663 468 haud
674 415 743 478 acio,
754 431 790 467 un
800 414 855 467 soii

43 487 101 539 iarn
114 482 279 552 philosophi
289 483 489 537 iudicarentur.
526 484 592 536 Cum
604 485 703 552 quibus
715 484 805 537 omnis
816 481 856 536 io·

42 572 74 608 re
84 555 172 606 nobis
183 552 348 620 disceptatio
365 555 562 622 contentioque
577 564 634 619 θοις
653 570 708 607 non
718 548 792 623 quo'd
806 568 855 607 eos

42 624 172 677 maxime
183 627 401 685 contemnamus,
411 624 462 676 sed
471 623 546 692 quod
556 623 685 676 videntur
696 623 857 677 acutissime
939 684 948 697 .

40 692 204 747 sententias
214 707 279 744 suas
294 691 561 762 prudentissimeque
572 691 730 746 defendere.
766 698 857 759 Quum

40 771 143 816 autem
154 761 300 829 proprium
315 762 354 813 sit
363 763 541 824 Academiae,
557 762 690 817 indicium
708 777 787 814 suum
798 761 858 814 nul·

40 834 104 885 lum
115 833 311 898 interponere;
331 847 366 883 ea
375 833 502 898 probare,
517 847 588 900 quae
597 831 743 891 simillima
753 832 811 883 reri
819 831 858 882 ri·

39 903 181 965 deantur3
201 900 328 953 conferre
343 917 467 965 causans,
488 900 594 969 etquid
608 902 638 954 in
652 915 858 968 quamqueseu·

40 972 168 1026 tentiam
181 970 238 1022 dici
253 971 359 1039 possit,
376 987 552 1038 expromere3
572 971 649 1029 nullu
663 969 790 1023 adhibite
805 985 858 1023 suu

39 1041 237 1103 auctoritate,
260 1039 395 1091 iudicium
416 1041 590 1094 audientium
607 1041 766 1109 relinquere
789 1041 858 1095 inte

39 1128 127 1182 grum
143 1126 180 1163 ac
195 1109 327 1161 liberum:
348 1111 501 1163 tenebimus
517 1111 589 1163 hanc
602 1110 828 1164 consuetudinem
840 1125 859 1163 a

40 1183 169 1249 Socrate
186 1178 335 1244 traditum
357 1195 444 1248 eaque
465 1185 610 1244 internos,
631 1181 656 1232 si
670 1181 732 1243 tibi,
754 1182 858 1247 Quinto

39 1249 145 1313 irater,
157 1249 294 1316 placebit,
304 1265 387 1317 quam
398 1252 561 1316 saepissime
572 1259 688 1303 utentur.
699 1249 769 1302 Mihi
780 1263 858 1312 vero,

41 1322 136 1390 inquit
146 1319 213 1381 ille,
233 1318 304 1373 nihii
319 1326 413 1386 potest
424 1335 485 1374 esse
496 1321 650 1376 iucimdius.
685 1322 764 1387 Quae
775 1335 859 1388 quum
958 1397 960 1401 Ι

40 1397 142 1446 ment
154 1389 243 1453 dicta,
254 1392 434 1442 surreximus.
