2084 3025
291 167 370 221 nro.
389 169 410 222 1.
448 169 532 223 car.
549 168 615 225 ar.
814 161 868 225 iso

56 279 121 328 nere
132 289 217 343 quum
228 271 273 324 rol
285 289 393 324 summa
408 278 536 327 senectus
551 290 633 343 posse
648 274 788 336 rideatur,
808 275 866 326 nul-

56 347 110 397 lam
123 345 179 395 tibi
189 360 207 405 a
219 344 324 395 caussis
334 346 509 397 vacationem
522 346 605 397 rideo
617 346 687 397 dari.
726 344 768 397 12.
788 345 821 406 Q.
832 345 867 397 At

57 414 215 467 moheieule
236 428 289 479 ego
311 413 469 467 arbitrabor
495 430 578 482 posse
599 415 627 466 id
647 416 751 484 populo
772 421 868 467 nostro

56 484 181 553 probari,
192 483 216 534 si
227 489 256 535 te
268 482 304 535 ad
315 484 359 534 ios
369 485 592 551 respondendum
605 485 737 539 dedisses.
767 487 868 549 Quam·

57 558 162 617 obrem,
174 556 257 619 qurum
269 551 401 619 placebit,
418 555 615 621 experiendum
628 556 679 607 tibi
691 571 799 607 censeo.
828 554 867 606 Μ.

57 626 97 686 Μ,
109 622 257 691 siquidem,
276 622 386 686 Quinto,
398 624 503 676 nullum
519 634 593 677 osset
603 627 631 676 io
643 624 812 692 experiendo
823 639 868 691 po·
913 638 919 649 ’

58 695 188 747 ticulum.
225 692 280 744 Sed
292 708 400 756 vereor,
422 711 465 756 ne,
486 696 550 746 dum
562 697 685 746 minuere
697 695 780 746 velim
791 693 869 745 labo·

58 780 127 828 rem,
147 777 272 830 augeam,
288 769 372 830 atque
382 764 417 815 ad
430 765 508 817 illam
521 780 681 816 caussarum
694 779 816 831 operam,
832 762 868 814 ad

59 850 143 902 quarn
155 848 208 900 ego
220 849 384 900 numquam,
400 836 456 885 nisi
465 842 582 902 paratus
593 842 621 886 et
632 834 783 887 nieditatus
792 849 868 885 acce·

58 904 108 968 do,
127 903 299 969 adiungatur
318 903 387 955 haec
408 905 477 956 ioris
492 904 708 971 interpretatio,
728 919 799 971 quae
814 918 869 955 non

58 981 115 1026 tarn
127 972 325 1029 mihimoleata
336 975 375 1025 sit
385 982 499 1042 propter
509 975 731 1041 laborem,qnam
743 973 816 1043 quod
829 972 869 1024 di·

60 1044 142 1097 cendi
152 1043 354 1111 cogitationem
365 1043 491 1107 auferat,
512 1046 573 1097 sirie
585 1061 639 1111 qua
651 1046 685 1096 ad
697 1045 800 1096 nullam
812 1059 870 1096 ma·

59 1116 149 1167 iorem
170 1129 301 1180 umquam
322 1131 449 1166 caussam
470 1131 531 1166 sum
550 1131 632 1167 ausus
649 1115 790 1169 accedero.
827 1112 869 1167 13.

60 1186 138 1236 Aer.
158 1184 232 1246 Quin
245 1183 333 1250 igitur
347 1186 404 1236 ista
417 1187 479 1252 ipsa
495 1185 619 1252 explicas
630 1187 710 1238 nobis
720 1184 764 1237 his
776 1185 871 1236 subse·

61 1256 140 1316 ciris,
160 1260 193 1304 ut
203 1255 254 1315 ais,
273 1256 456 1320 temporibus,
472 1263 499 1306 et
511 1256 663 1309 conscribis
675 1255 709 1307 do
720 1257 782 1307 iure
793 1253 870 1304 cirili

61 1324 201 1386 subtilius,
213 1339 294 1390 mam
307 1322 410 1376 oeterii
420 1319 520 1377 Nam'a
531 1326 618 1392 primo
629 1333 756 1391 ternpore
767 1325 870 1376 aetatis

61 1395 116 1446 iuri
124 1394 239 1446 studere
255 1400 282 1463 te
294 1394 418 1458 memini,
437 1411 520 1463 quom
534 1397 597 1463 ipse
611 1397 695 1448 otium
707 1394 743 1446 ad
752 1394 871 1446 Seuero·
914 1410 919 1419 ¹

61 1465 118 1518 lain
129 1465 312 1517 ventilarem:
334 1480 423 1533 nequo
438 1481 569 1534 umquam
585 1463 652 1517 mibi
663 1465 740 1516 risus
751 1480 781 1516 es
791 1465 833 1515 ita
843 1469 871 1516 to

61 1536 97 1587 ad
108 1535 259 1588 dicendum
269 1535 391 1599 dedisse,
406 1539 491 1588 ut'ius
503 1537 584 1588 civile
595 1542 795 1587 contemneres.
831 1532 871 1584 Μ.

60 1607 91 1657 ln
101 1607 220 1673 longum
230 1621 384 1658 sermonem
396 1621 440 1658 mc
450 1622 544 1669 rocas,
554 1605 660 1657 Attice:
677 1605 756 1672 que'm
767 1611 871 1663 tomen,

59 1677 114 1728 nisi
136 1676 256 1739 Quintus
281 1676 359 1728 alirnd
379 1677 444 1743 quid
464 1692 514 1728 nos
537 1691 621 1743 agere
643 1675 760 1736 mavult,
786 1672 871 1725 susci-

60 1748 150 1813 piam:
171 1752 213 1808 et,
237 1745 366 1812 quoniam
384 1747 467 1798 iacui
484 1747 594 1810 sumus,
613 1745 713 1798 dicam.
752 1744 784 1807 Q.
809 1744 871 1811 Ego

62 1832 127 1868 roro
150 1816 272 1868 libenter
292 1814 438 1868 audierim.
476 1815 549 1878 Quid
572 1816 643 1867 enim
661 1830 742 1882 again
759 1812 871 1881 potius!

63 1894 111 1936 aut
132 1886 233 1952 inquo
250 1885 350 1936 melius
369 1884 441 1937 hunc
463 1900 624 1937 consumam
641 1884 730 1939 diem!
766 1883 808 1937 14.
829 1884 870 1937 Μ.

62 1956 234 2022 Quiuigitur
253 1955 288 2005 ad
298 1956 448 2021 illaspatia
458 1962 556 2007 nostra
567 1956 702 2023 sedesque
712 1952 872 2024 pergimus}

62 2028 117 2089 ubi,
128 2041 213 2093 quum
224 2026 294 2078 satis
306 2025 360 2076 erit
371 2023 552 2089 ambulatum,
563 2026 775 2092 requiescemus.
813 2025 872 2077 Nee

62 2097 192 2164 profecto
204 2096 284 2148 nobis
296 2095 447 2147 delectatio
458 2095 562 2158 deerit,
583 2096 659 2147 aliud
675 2111 710 2148 ex
721 2096 777 2147 alio
790 2110 872 2163 quoe·

62 2168 199 2219 rentibus.
235 2167 314 2218 Aur.
333 2164 392 2217 Nos
403 2180 485 2218 sero:
503 2172 533 2217 et
547 2165 826 2233 lraoquidemadire,
846 2162 871 2214 si

62 2238 166 2303 placet,
180 2252 231 2304 por
240 2236 331 2302 ripam
343 2242 372 2288 et
381 2238 517 2288 umbram.
547 2234 602 2288 Sed
613 2236 668 2287 iam
682 2235 773 2287 ordire
784 2232 872 2300 expli·

64 2323 135 2373 care,
148 2321 262 2373 quaeso,
274 2306 310 2359 de
319 2307 381 2360 iure
392 2306 467 2358 civili
479 2305 546 2374 quid
555 2306 670 2358 sentias.
705 2305 745 2357 M.
757 2300 871 2372 Egone!

62 2393 188 2429 summos
197 2376 285 2428 fuisse
296 2378 326 2427 in
336 2377 450 2429 civitate
466 2382 563 2427 nostra
576 2375 664 2437 viros,
685 2375 733 2441 qui
746 2374 776 2424 id
786 2375 872 2423 inter·
943 2388 947 2394 ·

62 2447 172 2514 pretari
185 2445 304 2514 populo,
324 2454 354 2500 et
368 2446 557 2513 responsitare
573 2444 653 2496 soliti
666 2443 735 2494 sint:
756 2440 805 2491 sed
823 2451 872 2488 eos

61 2533 166 2584 magna
176 2516 329 2583 professos,
340 2517 372 2567 in
381 2516 477 2592 patris
487 2531 547 2568 esse
557 2519 693 2566 versatos.
713 2507 788 2570 Quid
798 2504 871 2555 enim

59 2594 103 2638 est
119 2593 244 2648 tantum,
265 2585 396 2652 quantum
411 2586 456 2636 ius
467 2583 609 2638 civitatist
631 2579 697 2646 quid
709 2582 803 2658 sutem
814 2578 872 2620 tam

60 2658 207 2725 exiguum,
228 2671 310 2723 quom
320 2663 364 2708 est
373 2667 472 2707 munus
484 2655 538 2707 hoc
550 2657 658 2710 eorum,
670 2661 718 2712 qur
728 2638 872 2692 consulun-

61 2732 120 2788 tur,
142 2740 311 2793 quamquam
326 2733 370 2780 cst
386 2713 717 2794 populo'neoessariumt
737 2708 796 2761 Neo
806 2718 872 2754 roro
888 2761 891 2776 .

96 2792 160 2849 Cic.
171 2795 279 2849 01³.OE
640 2785 665 2834 Τ
