2084 3025
113 163 114 166 η
163 176 165 180 ,
252 127 336 181 LlB.
354 127 375 180 1.
412 125 618 183 onmes.
792 127 829 182 45

34 234 87 286 Diis
95 232 308 285 iuuenalibus
320 231 477 298 opinionem
489 233 583 286 tictsm
595 248 655 285 (sse
670 230 705 284 ab
716 230 831 283 leontini·

34 306 77 355 bus
86 302 436 369 sapientibusreipublicao
447 319 556 366 caussa,
568 309 606 365 ut,
618 303 767 370 quosratio
776 316 831 353 non

35 381 124 439 posset,
135 389 186 423 eos
198 372 235 422 ad
247 371 367 421 officium
378 372 476 439 religio
487 372 608 435 duceret,
619 387 709 423 nonne
721 385 829 423 omnem

36 443 191 509 religionem
212 440 339 491 funditus
360 443 549 493 sustulcrnntl
578 442 666 505 Quid!
695 439 830 493 Prodicus

35 512 112 563 Ceus!
133 511 182 577 qui
194 526 236 572 ea,
251 525 322 576 quae
333 510 496 576 prodessent
508 510 648 562 hominum
660 510 743 570 vitae,
758 510 831 561 Deo·

35 598 86 632 rum
97 582 125 630 in
135 595 253 631 numero
264 578 362 630 habita
372 595 433 630 esse
444 579 528 642 dixit,
549 595 629 646 qnam
645 580 756 631 tandem
768 578 831 630 reli·

33 648 277 717 gionemreliquiti
314 646 373 700 110.
392 649 484 709 Quini
504 651 552 716 qui
564 648 707 704 autiortcs
719 648 832 700 sutela-

34 736 74 771 ros
84 727 131 769 sut
146 723 276 784 potentes
288 719 364 768 viros
378 718 493 770 tradunt
510 725 699 784 postmortem
711 718 832 769 stlDeos

33 788 194 855 pervenisse,
215 803 319 854 eosque
330 804 391 839 esse
402 789 491 854 ipsos,
512 804 581 855 quos
591 804 642 840 uos
652 788 753 849 colere,
772 802 832 855 pro·

32 859 97 919 cari,
116 858 297 922 venerarique
310 857 457 919 soleamus,
475 873 566 909 nonne
577 864 705 924 expertes
716 865 780 908 sunt
791 872 832 908 re·

32 928 161 994 ligionum
176 926 316 977 omnium?
336 941 407 993 quae
424 927 498 978 ratio
514 927 635 979 maxime
655 933 779 977 tractus
797 925 832 977 sb

32 995 182 1054 Euhemero
194 1002 250 1046 est:
272 1011 352 1062 quem
363 1002 457 1047 noster
467 1004 496 1048 et
509 996 709 1061 interpretatus
719 1002 748 1047 et
758 1001 833 1047 setu-

33 1074 72 1117 tus
82 1073 125 1117 est
136 1072 248 1130 practer
260 1073 368 1116 ceteros
380 1066 493 1117 Ennius.
520 1066 561 1116 Ab
573 1064 728 1117 Euhemero
738 1072 832 1117 sutem

33 1132 61 1188 et'
80 1141 185 1187 mortes
213 1141 241 1186 et
268 1135 427 1201 sepulturae
453 1134 676 1188 demonstrantur
699 1135 831 1187 Deorum.

33 1206 124 1257 Utrum
137 1205 224 1270 igitur
234 1202 281 1254 hie
292 1205 470 1255 confirmasse
481 1204 645 1272 religionem
655 1204 780 1267 ridetur,
797 1219 832 1255 nn

33 1276 136 1342 penitus
147 1281 237 1324 totam
248 1274 413 1325 sustulisset
433 1273 538 1326 Omitto
549 1275 693 1338 Elemins,
708 1281 833 1327 motans

31 1346 103 1398 illam
114 1350 144 1394 et
155 1348 318 1410 augustam,

52 1404 95 1452 '—
107 1412 156 1464 reli
167 1412 317 1466 r'ns'tiantrer
324 1414 420 1483 ge'stes
431 1428 540 1465 osorum
551 1412 678 1468 sitisses:

32 1492 174 1552 praetereo
187 1480 415 1546 Samothraciam,
430 1498 532 1551 eaque,

60 1583 96 1594 -
108 1552 293 1620 quoe'Lemns}

62 1623 203 1676 Nocturno
211 1623 294 1677 ,aditu
306 1619 419 1684 occulte,
429 1624 567 1686 coluntur,

53 1691 232 1745 rSr'loe'striiu'
244 1693 361 1761 saepibn’
374 1692 464 1744 denso.

32 1764 132 1827 Quibus
148 1762 297 1828 explicatis
312 1762 347 1813 ad
363 1762 555 1828 rationemque
569 1761 710 1814 revocetis
715 1796 724 1823 ,
742 1775 832 1813 rerum

32 1834 116 1900 magis
137 1840 240 1882 natura
260 1831 446 1899 cognoscitur,
468 1846 552 1898 quarn
566 1831 699 1883 Deorum.
735 1829 832 1882 xnrn.

34 1902 85 1955 120,
95 1901 175 1952 lllihi
189 1900 300 1968 quidem
318 1902 402 1952 etiam
412 1899 603 1964 Democritus,
622 1902 666 1953 vir
679 1916 794 1970 magnus
804 1902 832 1951 in

32 1973 132 2037 primis,
152 1972 230 2022 cuius
241 1970 365 2022 sontibus
376 1971 514 2036 Epicurus
525 1970 652 2023 hortulos
661 1987 728 2022 suos
738 1971 834 2038 irriga·

32 2042 75 2102 rit,
97 2047 197 2091 nutare
211 2041 323 2092 ridetur
340 2041 373 2090 in
391 2047 493 2091 natura
508 2040 641 2092 Deorum.
677 2041 833 2093 Tamesim

25 2118 120 2162 «censet
131 2109 576 2178 imaginesdivinitateproeditss
586 2110 677 2161 inesse
687 2110 715 2160 in
726 2109 833 2161 unirer·

32 2181 110 2231 titate
121 2195 229 2231 rernm:
251 2186 310 2229 tum
324 2179 464 2245 principia
473 2179 581 2241 mentis,
596 2186 740 2246 quaesunt
750 2179 779 2230 in
790 2193 836 2230 eoa

32 2251 89 2300 lem
101 2250 243 2310 universo,
254 2249 330 2300 Deos
342 2265 403 2300 esse
414 2248 493 2299 dicit:
504 2253 563 2299 tum
575 2249 727 2300 animantes
737 2248 834 2314 imagi·

31 2334 81 2383 nes,
94 2334 169 2385 quae
180 2319 225 2370 rel
236 2318 368 2383 prodesse
378 2317 458 2369 nobis
469 2318 570 2379 solent,
587 2318 633 2370 rel
644 2332 755 2369 nocere:
775 2325 833 2368 tum

32 2387 153 2456 ingentes
166 2388 299 2455 quasdam
310 2388 453 2454 imagines,
463 2393 619 2452 tantasque,
634 2394 665 2437 ut
676 2386 833 2437 unirrrsum

33 2459 159 2509 nundum
181 2458 403 2523 complectantur
418 2456 600 2507 extrinsecus.
636 2456 713 2516 Quae
724 2453 835 2521 quidem

34 2530 120 2579 omnia
138 2533 204 2578 sunt
224 2527 316 2593 patrini
333 2525 501 2586 Democriti,
523 2540 603 2590 quam
620 2523 782 2575 Democrito
797 2520 837 2569 ui-

32 2599 134 2663 gsiora.
174 2594 233 2647 121.
253 2596 323 2656 Quis
341 2595 414 2647 enim
428 2594 498 2645 istus
513 2594 650 2659 imagines
661 2585 839 2655 eomprehen·
873 2594 880 2599 “

7 2658 8 2745 l
33 2666 90 2722 iere
103 2668 201 2720 auimo
213 2664 324 2733 potesti
336 2664 398 2733 quis
409 2662 560 2714 aduriraril
573 2661 633 2728 quis
645 2665 695 2713 sut
706 2657 781 2709 cultu
792 2660 841 2705 sut
