2084 3025
285 162 365 215 Lm.
383 163 404 217 1.
442 163 527 218 car.
544 163 611 219 as.
809 156 863 220 teo

58 272 212 336 aerequum
222 266 267 319 rol
279 283 387 319 summa
402 272 531 322 senectus
546 285 628 338 posse
643 269 783 333 rideatur,
802 270 862 321 nul·

3 354 5 361 ’
57 341 108 391 lam
120 339 174 389 tibi
184 353 202 399 a
213 338 319 389 caussis
329 340 505 391 raoatiouem
517 341 600 392 rideo
612 341 682 392 dari.
721 339 763 392 12.
783 340 816 401 Q.
827 342 862 392 m

58 407 210 461 mehercule
230 422 283 473 ego
305 408 463 461 arbitrabar
490 425 574 477 posse
593 410 622 461 id
642 411 745 478 perpulo
767 416 863 462 nostro

57 478 175 547 probari,
186 477 211 529 si
219 484 252 531 te
262 476 299 529 ad
310 477 354 529 ius
364 480 587 545 respondendum
599 481 732 533 dedisses.
762 482 863 544 Quam·

58 552 157 611 obrem,
168 550 252 614 qurum
263 545 396 614 placebit,
412 550 610 616 experiendum
623 551 674 601 tibi
686 566 793 602 eeuseo.
822 549 862 601 Μ.

57 620 94 681 ld,
106 616 251 686 siquidem,
271 617 381 682 Quinte,
393 620 497 671 nullum
513 627 588 672 osset
597 621 625 671 iu
638 620 806 686 experiendo
817 634 863 686 pe·
908 634 913 645 ’

58 689 182 740 siculum.
220 686 276 738 Sed
287 703 395 752 vereor,
416 706 459 752 ne,
481 691 545 741 dum
557 692 680 741 minuere
691 690 774 741 aelim
786 689 864 739 labo·

57 774 122 823 rem,
141 772 266 825 augeam,
282 765 366 825 atque
378 759 412 810 ad
425 760 503 812 illam
516 775 675 811 caussarum
688 774 810 827 operam,
827 757 863 809 ad

57 845 139 896 quam
149 843 202 896 ego
214 843 378 894 numquam,
395 831 451 880 nisi
460 837 576 897 paratus
587 837 615 881 et
627 829 777 881 meditatus
787 844 863 880 acce·

56 899 104 963 do,
121 898 293 964 adiungatur
312 897 382 950 baec
403 900 471 951 iuris
486 899 702 966 interpretatio,
722 914 794 966 quae
808 913 864 949 uon

56 975 110 1020 tam
121 968 320 1024 mihimolesta
330 969 369 1020 sit
379 977 494 1037 propter
504 970 726 1036 laborem‚quam
737 969 811 1036 quod
823 967 863 1018 di·

58 1039 136 1091 cendi
146 1037 349 1107 cogitationem
359 1038 485 1103 auferat,
506 1041 567 1092 siue
579 1056 634 1107 qua
645 1040 681 1090 ud
691 1040 795 1091 nullam
807 1054 864 1091 ma·

56 1110 144 1161 iorem
164 1123 295 1174 umquam
317 1124 444 1161 caussam
464 1126 525 1161 sum
544 1127 627 1162 ausus
643 1109 784 1164 accedere.
821 1107 863 1162 13.

56 1180 132 1231 Aru.
152 1178 226 1240 Quin
239 1178 327 1244 igitur
342 1180 398 1230 ista
412 1182 474 1247 ipsa
490 1181 614 1247 explicas
624 1182 704 1233 nobis
715 1179 758 1231 bis
770 1180 865 1231 subse·

58 1249 133 1310 cirris,
152 1255 186 1299 ut
197 1249 248 1310 ais,
268 1251 450 1316 temporibus,
466 1257 494 1302 et
506 1252 658 1303 conscribis
670 1251 703 1302 do
715 1252 776 1303 iure
787 1249 865 1300 cirili

56 1319 194 1381 subtilius,
207 1334 289 1385 quam
301 1318 405 1371 oeterii
415 1314 514 1373 Nam'a
526 1322 613 1388 prime
624 1329 750 1387 tempore
762 1320 864 1372 aetatis

57 1389 110 1440 iuri
117 1389 233 1442 studere
249 1395 277 1459 te
288 1390 413 1454 memini,
431 1407 514 1459 quum
529 1392 591 1459 ipse
605 1390 737 1443 etiamad
747 1390 865 1442 Seuero·
909 1406 913 1415 ’

58 1458 112 1511 lam
123 1460 307 1512 rautitarem:
328 1474 418 1528 neque
433 1476 563 1530 umquam
579 1460 646 1512 nribi
657 1461 734 1511 risus
746 1460 865 1511 esitato

3 1567 5 1588 ,
57 1530 253 1582 addicendum
264 1528 385 1594 dedisse,
401 1533 486 1584 ut'ius
498 1532 579 1583 cirile
589 1539 789 1583 contemneres.
825 1529 865 1580 Μ.

3 1591 5 1630 ³
56 1601 86 1652 lu
95 1601 214 1668 longum
224 1615 378 1654 sermonem
390 1616 435 1653 mo
444 1617 539 1664 rocas,
549 1601 654 1653 Attice:
671 1607 865 1668 queritantes,

4 1671 5 1674 ’
55 1671 108 1722 nisi
129 1671 250 1733 Quintus
276 1670 353 1732 aliud
373 1672 438 1738 quid
458 1687 509 1723 uos
532 1685 615 1738 agere
636 1670 754 1732 mauult,
781 1667 865 1722 susci-

56 1742 143 1806 piam:
166 1747 212 1803 et„
231 1740 360 1805 quoniam
379 1741 462 1793 saeui
479 1742 588 1804 sumus,
608 1739 707 1792 dicam.
745 1740 778 1802 Q.
803 1740 864 1807 Ego

57 1826 120 1862 rero
142 1811 266 1866 libenter
286 1810 433 1865 audierim.
470 1811 544 1872 Quid
566 1811 638 1862 enim
655 1825 736 1877 agam
753 1806 866 1877 potiusi

58 1887 105 1931 aut
124 1881 227 1947 inquo
243 1879 344 1931 melius
363 1879 436 1932 hunc
458 1896 618 1932 consumam
635 1879 724 1934 dieml
760 1878 802 1932 14.
823 1879 864 1933 Μ.

56 1950 228 2017 Quiuigitur
247 1950 282 2001 ad
292 1950 343 2000 illa
350 1950 442 2015 spatia
453 1956 551 2002 nostra
561 1950 697 2018 sedesque
706 1948 866 2019 pergimusi

56 2021 112 2082 ubi,
121 2036 207 2088 quum
218 2020 288 2074 satis
300 2020 356 2071 erit
365 2018 547 2083 ambulatum,
557 2022 769 2088 requiescemus.
807 2021 866 2072 Nee

21 2109 27 2120 ·
56 2090 186 2156 profecto
197 2090 279 2143 nobis
290 2090 441 2143 delectatio
453 2090 556 2153 deerit,
577 2091 653 2142 aliud
669 2106 704 2144 ex
715 2090 771 2141 alio
784 2105 866 2158 quae<

55 2162 193 2213 rentibus.
229 2162 309 2226 Asa.
327 2159 387 2212 Nos
397 2176 479 2212 sero:
498 2167 527 2213 et
542 2160 718 2228 iraequidem
728 2161 820 2222 adire,
840 2159 865 2209 si

56 2229 160 2295 placet,
175 2246 225 2297 por
234 2231 325 2296 ripam
337 2236 366 2282 et
376 2232 512 2283 umbram.
541 2229 596 2283 Sed
606 2231 662 2282 iam
675 2231 767 2283 ordire
778 2228 865 2296 expli-

59 2314 128 2366 sare,
141 2315 256 2367 quaeso,
268 2300 304 2353 de
313 2301 375 2353 iare
386 2301 461 2352 civili
473 2299 540 2368 quid
550 2302 664 2352 sentias.
699 2300 739 2353 M.
751 2296 865 2368 Egone!

43 2371 279 2428 ‚mmmosfuisse
289 2372 320 2421 iu
331 2370 445 2423 civitate
461 2376 558 2422 nostra
570 2370 658 2432 viros,
679 2370 727 2436 qui
740 2369 770 2419 id
781 2370 866 2419 inter·
937 2385 940 2392 ·

44 2441 167 2506 mactari
179 2439 298 2509 populo,
319 2448 349 2494 et
362 2440 551 2507 responsitarc
567 2440 646 2491 soliti
660 2440 728 2490 siut:
749 2436 798 2487 sed
817 2448 866 2485 eor

25 2524 160 2578 ‘amagna
170 2511 323 2578 professos,
336 2511 366 2561 in
375 2510 471 2584 parvis
480 2525 541 2562 esse
551 2515 687 2561 versatos.
706 2503 781 2566 Quid
792 2501 865 2553 enim

3 2627 5 2644 2
28 2586 97 2632 -θδῒ
112 2588 238 2643 tantum,
258 2579 390 2648 quaumm
405 2579 450 2630 ius
461 2578 603 2632 civitatisi
624 2575 691 2641 quid
702 2577 796 2654 autem
808 2575 866 2618 tam

52 2651 200 2718 exiguum,
222 2666 303 2718 quum
314 2656 359 2703 est
367 2655 467 2701 munus
477 2650 532 2702 boe
544 2652 651 2705 eorum,
663 2657 712 2708 qur
721 2636 866 2696 consulun-

53 2725 114 2780 ΜΓ,
136 2735 304 2787 quamquam
320 2727 364 2774 est
380 2708 711 2788 populo'neeessariumi
730 2705 866 2758 Necrero

89 2784 154 2842 (iac.
166 2789 273 2844 0r.1X.
634 2780 659 2829 Τ
