2084 3025
210 99 266 155 nn
283 67 579 161 surcrriaear.
596 60 623 164 s.
642 111 667 165 ⁷.
808 104 843 163 ss

47 202 91 256 sed
106 204 140 257 de
153 221 220 258 vcra
233 214 262 259 et
282 209 407 275 perfecta
423 210 538 280 loquor,
559 213 650 280 qualis
666 227 775 275 eorum,
796 212 845 281 qui

45 277 121 340 pauci
131 278 318 342 nominantur,
330 278 395 332 fuit.
431 280 503 333 Nam
514 289 543 334 et
553 282 688 335 secundas
698 298 743 334 res
754 283 846 349 splen·

46 343 162 397 didiores
174 346 242 398 facit
253 348 388 412 amicitia,
408 356 437 402 et
446 351 578 409 adversas
589 353 713 419 partiens
725 367 846 404 eommu-

44 415 189 484 nicansque
207 416 335 470 leviores.
371 417 431 472 Vll.
449 418 502 477 23!
512 425 657 491 Quumque
672 422 805 489 plurimas
816 427 847 474 ct

45 488 177 538 maximas
188 488 399 542 commoditates
411 486 535 544 amicltia
545 493 702 553 contineat,
723 498 781 543 tum
792 491 846 544 illa

45 555 170 607 nimirum
182 562 306 622 praestat
318 561 454 623 omnibus,
473 561 547 628 quod
558 563 633 614 bona
642 577 691 627 spe
701 560 846 627 praelucet

43 623 69 674 in
85 631 241 691 posterum,
261 642 312 678 nec
328 627 471 681 debilitari
485 631 592 682 animos
607 638 655 683 aut
667 630 765 683 cadere
777 630 846 697 pati·

42 699 92 746 tur.
129 693 234 745 Verum
250 698 334 749 etiam
350 700 469 749 amicum
482 702 530 767 qui
546 701 683 762 intuetur,
704 706 846 766 tamquam

45 764 184 832 exemplar
193 764 307 832 aliquod
317 768 440 818 intuetur
450 769 501 819 sui.
531 768 669 828 Quocirca
679 775 707 821 et
718 769 847 820 absentes

44 832 153 895 adsunt,
164 840 193 885 ct
204 842 317 902 egentes
329 837 479 899 abundant,
491 844 519 889 et
530 838 685 890 imbecilles
695 837 797 900 valent,
808 844 852 899 et,

43 904 113 968 quod
129 904 270 956 difficilius
286 905 361 958 dictu
374 913 429 970 est,
448 909 553 959 mortui
563 908 672 959 viruntt
692 913 787 959 tantus
798 922 846 958 eus

44 969 139 1037 honus,
159 976 301 1038 memoria,
317 976 483 1028 desiderium
495 978 673 1045 prosequitur
684 977 847 1029 amicorum.

42 1041 83 1096 Ex
93 1058 150 1111 quo
159 1043 275 1099 illorum
285 1046 368 1098 beata
379 1062 453 1098 mors
464 1047 589 1099 videtur:
610 1046 708 1098 horum
719 1046 778 1097 rita
788 1046 848 1097 lau·

44 1111 155 1169 dabilis.
189 1115 270 1177 Quod
285 1115 315 1177 si
326 1117 461 1168 exemeris
472 1133 506 1169 ex
517 1124 617 1169 natura
626 1133 718 1170 rerum
728 1116 846 1168 benevo-

42 1180 147 1236 lentiae
159 1183 389 1247 coniunctionem,
397 1202 447 1238 nec
459 1186 557 1238 domus
568 1188 626 1238 ulla
636 1202 687 1239 nec
696 1188 762 1239 urbs
772 1192 848 1238 stare

42 1255 160 1319 puterit3
180 1270 215 1306 ne
226 1256 287 1323 agri
298 1255 407 1322 quidem
418 1256 508 1308 cultus
520 1257 702 1324 permanebit.
721 1256 752 1306 ld
762 1256 787 1306 si
797 1254 848 1306 mi·

41 1338 91 1373 aus
101 1323 284 1392 intelligitur,
307 1326 463 1392 quantavis
474 1328 614 1377 amicitiae
629 1325 849 1391 concordiaeque

42 1392 90 1443 sit:
103 1408 140 1445 ex
152 1392 369 1446 dissensionibus
380 1403 463 1463 atquc
473 1396 623 1447 discordiis
634 1395 848 1463 percipipotest.

42 1461 119 1525 Quae
131 1462 206 1516 euim
217 1463 315 1517 domus
326 1472 383 1517 tam
397 1465 520 1529 stabilis,
541 1482 611 1535 quae
622 1473 679 1517 tam
692 1465 771 1516 firma
782 1460 849 1516 civi·

43 1537 85 1585 tas
96 1540 150 1596 est,
163 1550 232 1601 quac
244 1550 298 1586 non
309 1535 382 1587 odiis
393 1544 476 1603 atque
486 1536 611 1587 dissidiis
622 1534 747 1590 funditus
756 1532 850 1601 possit

41 1604 149 1655 evertit
171 1604 214 1656 Ex
225 1620 293 1673 quo,
312 1613 444 1674 quantum
455 1607 522 1659 boni
533 1607 571 1657 sit
582 1607 610 1657 in
620 1604 758 1667 amicitia,
777 1601 847 1654 iudi·

41 1673 99 1725 cari
109 1679 214 1741 potest.
232 1675 275 1727 24.
287 1677 497 1745 Agrigentinum
509 1676 620 1744 quidem
632 1674 743 1726 doctum
755 1686 848 1741 quem·

40 1741 103 1794 dam
120 1744 213 1795 virum
228 1747 396 1798 carminibus
411 1746 528 1798 Graecis
547 1745 729 1797 vaticinatum
744 1742 848 1805 icrunt,

39 1828 111 1879 quae
131 1815 163 1864 in
182 1829 276 1865 rerum
299 1823 399 1868 natura
420 1823 535 1882 totoque
556 1814 657 1867 mundo
679 1817 848 1874 constarent,

37 1897 168 1950 quaeque
178 1892 365 1948 moverentur,
375 1901 409 1937 eu
421 1882 585 1937 contrahere
595 1884 756 1944 amicitiam,
767 1881 848 1932 dissi·
919 1931 935 1942 ,

35 1966 106 2018 pare
119 1953 297 2006 discordium.
323 1956 412 2022 Atque
423 1953 476 2006 hoc
486 1953 597 2022 quidem
609 1969 704 2005 omncs
713 1951 847 2006 mortales

37 2033 65 2073 et
74 2023 250 2090 intelligunt,
269 2030 297 2075 et
308 2040 338 2076 re
348 2025 475 2091 probant.
512 2024 622 2090 ltaque,
641 2024 666 2075 si
676 2022 786 2090 quaudo
796 2019 847 2071 all·

37 2093 113 2158 quod
125 2092 248 2144 officium
259 2095 368 2145 exstitit
379 2094 464 2145 amici
473 2093 502 2144 in
511 2093 645 2160 perieulis
654 2100 702 2144 aut
712 2090 847 2143 adeundis

34 2168 86 2213 aut
97 2164 351 2226 communicandis,
365 2164 427 2231 quis
438 2169 490 2225 est,
506 2162 591 2230 quiid
604 2178 658 2214 nou
668 2162 797 2214 marianis
807 2157 847 2212 ei·

34 2230 115 2283 ierat
136 2232 284 2283 laudibus?
297 2227 360 2295 ‘Qui
379 2233 516 2284 clamores
536 2237 598 2283 tota
612 2248 700 2285 cavea
715 2245 803 2298 nuper
817 2229 846 2281 in

34 2299 160 2367 hospitis
172 2311 201 2352 et
212 2302 293 2353 amici
303 2302 413 2365 mci,M.
421 2301 623 2364 Pacuvianum
633 2301 741 2353 fabula:
753 2313 847 2367 quum,

31 2371 188 2438 ignorante
199 2370 288 2438 Rege,
308 2378 372 2422 uter
381 2387 476 2424 corum
487 2378 561 2422 esset
576 2372 704 2431 Orestes,
725 2367 847 2436 Pylades

33 2443 168 2491 Orestem
179 2456 209 2492 se
220 2456 281 2492 esse
291 2441 409 2503 diceret,
430 2448 462 2492 ut
475 2455 526 2507 pro
540 2440 590 2491 illo
601 2443 760 2500 uocaretur3
781 2437 846 2486 Ore·
940 2463 950 2486 a

32 2516 94 2561 stes
107 2515 211 2572 autem,
223 2511 264 2562 ita
274 2516 305 2562 ut
316 2517 385 2573 crat,
392 2512 517 2562 Orestem
527 2524 558 2561 se
569 2524 630 2560 esse
641 2502 847 2583 perseveraret!

31 2578 153 2631 Stantcs
173 2579 346 2646 plaudebant
359 2580 388 2631 in
403 2595 434 2632 re
449 2579 529 2631 lletaz
550 2577 616 2644 quid
635 2574 802 2626 arbitramur
816 2584 847 2621 sn

30 2663 107 2705 vcra
127 2647 217 2703 luisse
235 2648 377 2703 facturosl
396 2648 492 2702 Facile
511 2646 654 2702 indicabat
669 2641 731 2709 ipsa
745 2645 847 2692 natura
