2084 3025
170 135 235 191 404
399 157 410 186 Δ
454 136 511 188 DE
527 136 718 191 'osricus
789 193 795 201 ,

182 241 265 303 liunt,
275 238 413 294 anhelitus
425 246 580 305 morentur,
597 242 855 303 vulnenerantur,
873 246 998 294 orator·-

168 318 313 379 ,quonturx
325 327 360 363 ex
370 312 469 379 quibus
479 327 582 380 magna
593 313 761 380 significatio
773 315 814 373 lit,
822 327 880 363 non
895 312 998 364 ndesss

184 382 380 433 oonstontism.
412 381 470 433 Sed
486 384 576 433 multo
590 382 781 451 etiammagis'
791 382 998 434 elaborandum

183 457 241 510 est,
262 466 296 501 no
312 451 399 501 animi
412 457 506 502 motus
521 468 541 502 a
551 458 652 504 natura
663 453 812 504 recedant:
832 451 909 518 quod
917 467 999 503 esse·

182 534 318 591 quemur„
330 522 356 571 si
370 522 549 585 eusebium,
568 538 604 574 ue
621 523 650 573 in
665 521 891 589 perturbationes
908 527 996 587 atque

181 590 403 643 exanimationes
414 590 583 656 incidamus3
603 598 646 654 et,
665 594 690 643 si
700 598 824 643 attentos
832 591 947 641 animos
959 588 996 641 ad

182 659 292 718 decoris
307 662 548 713 conservationem
558 662 721 731 tenebimus.
759 660 818 712 132
837 660 997 710 Motusnu·

176 734 239 788 ¹tem
260 730 417 781 animorum
437 730 564 797 duplices
579 737 663 795 sunt3
689 732 773 783 alteri
789 729 997 797 eogitutirmis3

120 795 124 800 ’
176 799 265 851 slteri
276 800 425 866 appetitus.
444 800 605 868 *Cogitatio
623 803 728 854 inirem
742 798 918 866 exquirendo
934 814 997 850 me·

179 869 256 921 xime
266 875 407 920 versatur:
428 872 569 937 appetitus
580 871 702 937 impellit
714 870 749 922 ad
761 868 908 937 agendum.
941 869 997 919 crs-

180 938 299 992 mudum
310 945 353 990 est
363 939 464 1004 igitur,
487 942 704 1007 uteogitatione
721 940 755 991 sd
766 953 811 991 res
822 938 997 1005 quamopti-

180 1022 241 1060 mas
251 1015 375 1058 utamur:
392 1010 547 1076 appetitum
556 1011 661 1063 rationi
673 1009 847 1063 obedientem
856 1008 996 1073 praebes-

180 1092 250 1129 mus.
266 1076 420 1129 ,xxxvii
431 1079 468 1131 Et
481 1081 610 1146 quoniam
622 1095 723 1148 magno
732 1081 776 1130 vis
788 1077 926 1129 orationis
938 1083 993 1139 est,

180 1161 270 1212 osque
281 1145 397 1212 duplum
418 1148 717 1213 alteroeontentionis‚
736 1150 827 1201 altera
834 1148 992 1198 sermonis:

181 1215 323 1268 eontentio
335 1216 586 1285 disceptationibus
596 1219 919 1279 tribueturiudieiorum,
926 1229 993 1268 oon-

89 1309 92 1310 ’
180 1285 301 1347 donner,
313 1284 444 1353 Senatum
465 1291 591 1341 sermoin
601 1291 724 1353 circulis,
740 1286 993 1356 disputationibus,

180 1356 424 1428 congressionibus
430 1357 613 1411 familiarium
623 1366 757 1421 versetur,
763 1363 899 1426 sequatur
904 1356 992 1409 etism

180 1425 317 1477 convivis.
352 1428 546 1480 Contentionis
569 1419 719 1497 praeoe‘ptn
743 1427 887 1481 rhetorum
911 1434 991 1491 sunt3

79 1489 87 1511 ¹
179 1494 258 1548 nulla
276 1497 424 1549 sermonis:
446 1515 614 1566 quamquem
636 1498 711 1553 haud
732 1500 862 1562 solusne
879 1496 992 1564 possint

179 1564 249 1618 boec
260 1582 370 1634 quoquo
381 1583 450 1621 esse.
487 1569 542 1622 Sed
559 1570 724 1622 discentium
735 1570 837 1621 studiis
848 1569 993 1621 inveniun-

178 1641 227 1687 tur
241 1638 382 1704 magistris
404 1635 469 1690 lmie
484 1646 578 1691 autem
594 1642 642 1708 qui
654 1640 802 1701 studeant,
815 1645 890 1690 sunt
906 1637 992 1689 nulli:

179 1703 323 1758 rhetorum
334 1709 418 1759 turbo
427 1708 535 1761 referta
545 1712 655 1762 omnis:
673 1724 839 1778 quamquam
849 1723 921 1776 quae
932 1722 993 1759 rer·

177 1777 278 1828 borum
298 1780 553 1846 sententiarumque
574 1786 726 1847 praecepta
740 1785 818 1841 sunt,
840 1777 939 1830 eadem
955 1776 993 1828 ad

179 1860 335 1897 sermonem
346 1848 537 1912 pertinebunt·
561 1847 622 1902 133.
640 1850 694 1902 Sed
704 1865 790 1917 quum
802 1847 942 1899 orationis
953 1847 993 1897 in·

101 1938 106 1949 t
179 1914 271 1966 dioem
288 1930 386 1968 vocem
402 1916 567 1981 habeamus3
588 1919 618 1970 in
633 1935 703 1972 voce
718 1926 812 1971 autem
823 1918 881 1968 duo
893 1928 992 1986 sequa·

108 1983 112 1991 '
177 1999 248 2045 mur,
268 1990 299 2035 ut
309 1985 387 2039 olore
396 1990 442 2050 sit,
453 1994 485 2039 ut
496 1990 605 2040 suavis:
627 1996 776 2057 utrumque
788 1988 901 2039 omnino
915 2000 991 2038 ana·

178 2060 244 2106 tura
254 2056 402 2120 petendum
415 2063 469 2109 est:
489 2074 585 2110 verum
595 2059 715 2111 alterum
722 2057 892 2111 exercitatio
905 2069 990 2122 auge·

177 2123 234 2185 bit,
256 2124 375 2177 alterum
393 2127 519 2180 imitatio
533 2144 629 2195 presse
643 2128 817 2196 loquentium
835 2133 866 2179 et
878 2125 991 2178 leniter.

178 2192 259 2245 Nihil
269 2193 324 2246 fuit
334 2196 362 2247 in
374 2198 492 2260 Catulis,
503 2205 536 2250 ut
548 2214 597 2250 eos
607 2199 746 2266 exquisito
758 2197 863 2249 iudieio
872 2202 992 2263 putares

178 2264 221 2315 uti
232 2263 448 2326 litternrume,-
465 2283 630 2336 quemqnam
642 2275 723 2321 erasit
731 2267 864 2319 litterati:
876 2266 928 2318 sed
938 2270 993 2317 ut·

179 2332 230 2383 elii
244 2352 293 2385 -τ
313 2332 342 2384 hi
356 2342 448 2393 autern
465 2338 571 2403 optime
582 2338 625 2388 uti
636 2338 733 2406 lingua
742 2338 846 2389 Latino
855 2336 995 2404 puteban-

175 2409 230 2453 tun
258 2402 349 2454 Sonus
360 2413 424 2456 erat
435 2405 537 2458 duleis:
560 2409 673 2460 litterae
683 2412 772 2476 neque
783 2418 934 2473 expressae
944 2421 995 2458 ne·

175 2486 228 2590 guo
244 2486 407 2538 oppressae,
427 2490 462 2527 ne
478 2483 529 2527 aut
541 2480 688 2530 obscurum
700 2484 774 2530 esset
785 2479 834 2527 eut
850 2475 993 2543 putidum.

195 2540 241 2592 ine
253 2543 432 2595 contentione
443 2559 505 2607 vex,
516 2562 568 2598 nee
579 2548 712 2616 languens
724 2563 776 2601 neo
785 2560 899 2597 eanora.
919 2546 994 2597 Ube-

173 2608 234 2659 rior
246 2611 338 2662 oratio
350 2612 383 2663 L.
395 2614 499 2676 Crassi,
509 2631 561 2668 nec
571 2619 662 2669 minus
673 2617 782 2669 faceto:
804 2614 854 2668 sed
866 2616 938 2667 beno
950 2616 995 2666 lo·

174 2679 278 2742 quendi
289 2679 324 2733 de
335 2682 443 2736 Catulis
455 2684 617 2752 opinionon
627 2690 727 2741 minor.
755 2686 821 2741 Sale
831 2699 901 2738 vero
911 2692 941 2738 et
950 2684 995 2738 is-
