2084 3025
172 95 208 149 86
352 91 410 145 DE
427 88 596 143 NATURA
614 84 795 141 DEORUM

174 196 246 249 caeli
261 193 420 248 admirabili
434 209 496 246 cum
510 192 654 245 celeritate
672 192 779 245 moveri
798 190 927 259 vertique
940 191 981 244 vl·

175 265 296 326 dcamus,
318 263 540 316 constantissime
560 262 751 313 conficientem
770 257 979 315 vicissitudines

80 393 96 402 f
176 334 387 395 anniversarias,
409 349 471 384 eum
484 347 594 382 summa
614 331 705 383 salute
723 337 752 383 et
768 332 982 384 conservatione

65 465 68 472 ¹
105 419 111 430 ⁸
174 418 268 456 rerum
281 403 415 454 onmium:
428 402 595 463 dubitamus,
607 402 673 467 quin
684 415 718 452 ea
726 415 782 451 non
791 401 885 452 solum
895 402 983 453 ratio·
1036 433 1037 442 .

175 489 210 525 ne
221 474 297 534 liant,
308 472 453 523 sedetiam
464 470 615 524 excellenti
625 469 769 536 [quadam]
780 469 929 536 diuinaque
939 486 984 523 ra·

175 542 269 593 tioncl
296 541 339 593 98.
351 541 432 593 Licct
442 541 515 593 enim
527 541 591 602 iam,
602 546 712 592 remota
723 540 879 594 subtilitate
889 538 984 605 dispu-

175 610 263 672 tandi,
283 611 375 661 oculis
387 610 591 677 quodammodo
602 607 985 677 contemplari-pulchritudi·
1037 665 1038 680 χ

174 696 237 733 nem
248 694 341 732 rerum
353 695 462 744 carnut,
483 694 552 748 quas
562 677 657 731 divina
671 677 849 746 providentia
864 678 985 731 dicirutm
1037 725 1038 736 ,

175 749 353 802 conutitutas.

228 817 357 870 XXXIX.
375 819 415 870 ric
434 815 573 884 principio
594 824 672 870 terra
692 816 823 869 universa
842 823 986 881 cernatur,

175 889 271 941 locata
279 888 308 939 in
318 887 411 939 madia
421 887 518 939 mundi
529 886 604 950 sede,
619 886 710 938 solida
720 893 750 939 et
760 888 885 956 globosa,
896 894 927 940 et
936 904 986 939 un·
1038 947 1039 952 η

177 958 259 1025 dique
274 959 336 1024 ipsa
350 958 379 1009 in
395 973 457 1009 sese
472 957 586 1008 nutibus
600 957 660 1007 suis
677 957 860 1024 conglobata,
878 957 987 1010 vestita

175 1027 302 1090 lloribus,
313 1027 417 1089 herbis,
429 1026 586 1088 arboribus,
597 1026 734 1093 frugibus.
758 1028 885 1088 Quorum
896 1027 986 1078 omni·
1038 1041 1039 1044 ’

176 1112 226 1162 um
244 1096 418 1147 incredibilis
436 1095 600 1157 multitudo,
621 1095 775 1147 insatiabili
790 1096 929 1148 varietate
945 1096 987 1147 di·

177 1165 337 1232 stinguitur.
374 1165 451 1216 Adde
461 1163 515 1216 buc
525 1164 646 1216 tonitium
656 1165 764 1232 gelidas
774 1166 986 1231 peremnitates,
1039 1221 1040 1236 χ

176 1236 299 1301 liquores
311 1234 469 1301 perlucidos
485 1234 623 1298 amnium,
644 1236 768 1302 riparum
782 1235 902 1287 restitns
919 1236 987 1286 riri-
1039 1253 1040 1284 2

174 1305 315 1366 ,dissimosn
335 1304 528 1369 speluncarum
549 1317 686 1356 concavas
708 1304 881 1367 altitudines,
902 1320 987 1357 saxo·

176 1389 236 1426 mm
248 1371 422 1440 asperitates,
433 1372 651 1441 impendentium
661 1375 798 1426 montium
809 1373 987 1438 altitudines,

118 1447 120 1452 ‘
175 1443 432 1511 immensitatesque
444 1458 617 1510 camporumz
638 1443 709 1496 adde
720 1444 806 1495 ctiam
821 1443 986 1497 reconditas
1040 1503 1041 1508 .

99 1560 100 1565 ,
175 1514 237 1573 euri
251 1514 413 1583 argentique
428 1529 527 1576 tenu,
549 1512 740 1580 infinitamque
754 1515 810 1565 vim
824 1515 985 1567 marmoris.
1040 1514 1041 1565 l

174 1583 218 1637 99.
235 1585 314 1648 Quae
329 1598 404 1646 vcro,
423 1590 452 1636 et
466 1599 550 1653 quam
560 1585 640 1636 varia
656 1598 759 1650 genera
771 1584 927 1636 bestiarum
937 1584 986 1637 nel
1040 1606 1041 1627 ι

176 1654 298 1713 cicurum
317 1653 363 1706 vel
382 1653 518 1706 terarum!
548 1653 596 1723 qui
613 1654 760 1706 voluerum
783 1652 878 1720 lapsus
899 1659 985 1721 atque

175 1723 286 1776 cantus!
307 1723 355 1791 qui
365 1723 500 1789 pecudum
515 1722 626 1788 pastus!
648 1737 718 1790 quae
728 1722 788 1775 vita
797 1723 985 1776 silvestrium!

174 1791 250 1855 Quid
261 1793 317 1845 iam
327 1791 364 1843 de
374 1790 514 1842 bominum
526 1807 628 1858 genere
639 1792 747 1845 dicant
769 1793 816 1859 qui
830 1791 912 1860 qnasi
926 1793 987 1845 cul·

173 1867 250 1914 tores
260 1866 354 1913 terrae
366 1861 521 1924 constituti,
530 1876 586 1915 non
596 1863 742 1928 patiuntur
752 1876 814 1914 cam
822 1877 876 1913 nee
885 1862 988 1917 imma·

140 1932 148 1945 ’
174 1931 264 1982 nitate
272 1929 429 1983 belluarum
441 1929 563 1993 efferari,
572 1947 624 1984 nec
633 1932 763 1999 stirpium
771 1931 929 1998 asperitate
937 1947 989 1985 ra·

114 2016 118 2024 ’
173 2000 256 2053 stari:
276 2013 447 2067 quorumque
457 2001 588 2067 operibus
599 2003 674 2070 agri,
693 2000 811 2063 insulae,
828 2001 988 2070 littoraque

176 2069 327 2130 wlloccnt,
345 2067 479 2122 distincta
494 2071 578 2122 tectis
594 2077 623 2124 et
637 2070 761 2123 urbibus.
798 2069 878 2132 Quae
895 2071 935 2134 si,
953 2076 988 2124 ut

175 2138 283 2200 minus,
303 2138 547 2213 sieocnlisvidere
559 2155 718 2207 possemus,
738 2148 834 2202 nemo,
855 2151 989 2194 cunctanti

174 2207 285 2263 intuens
294 2211 407 2272 terram,
419 2208 454 2263 de
466 2209 559 2262 divina
568 2209 677 2264 ratione
687 2209 841 2262 dubitaret.
871 2206 933 2263 loo.
950 2211 990 2262 At

175 2291 241 2331 sero
251 2284 355 2344 quanta
366 2278 451 2330 maris
463 2286 506 2332 est
515 2278 707 2345 pulchritudo!
726 2293 797 2347 quae
808 2278 917 2344 species
926 2279 988 2331 uni·

145 2372 147 2376 v
176 2346 261 2400 versi!
283 2362 353 2414 qnae
366 2347 519 2400 vinnititudo
537 2354 566 2400 et
579 2348 703 2402 varietas
723 2347 890 2399 insularum!
914 2363 992 2416 qnae

176 2416 358 2469 anroenitatcs
370 2432 482 2483 orarum
493 2424 522 2470 et
533 2414 676 2469 littorum!
686 2425 756 2484 quot
766 2432 878 2484 genera,
890 2431 993 2484 quam·

175 2500 230 2554 que
248 2485 373 2552 disparia
392 2487 495 2552 partim
513 2488 728 2549 submersarum,
750 2487 853 2553 partim
873 2484 994 2541 fluitan-

176 2555 245 2606 tium
255 2561 285 2607 et
295 2556 450 2607 irruentium
460 2555 627 2619 belluarum,
638 2555 741 2623 partim
751 2554 788 2607 ad
799 2570 871 2608 saxa
880 2557 993 2613 nativis

161 2623 254 2675 tietb
271 2621 487 2677 inhaerentium!
517 2624 611 2691 ipsum
626 2630 721 2678 autem
732 2637 811 2677 mare
821 2623 864 2676 sle
876 2631 993 2680 terram
