2084 3025
164 138 199 200 14
434 139 698 196 enormior

142 282 146 289 ·
162 243 369 314 tempestivitas
379 253 423 300 est
433 246 514 312 data3
529 252 600 300 utet
609 243 928 313 infirmitaspueromm,
942 242 974 297 et

163 316 297 370 taroeitas
306 318 447 380 iuvenum,
458 324 488 370 et
497 318 624 386 gravitas
635 315 975 378 iamconstaotisoetotis,

162 394 191 441 et
211 388 365 440 senectutis
385 389 536 440 maturitas
559 387 687 440 natumle
706 385 840 456 quiddam
861 383 976 449 habeat,

163 457 236 526 qood
254 472 306 509 suo
321 463 449 526 tempore
464 458 572 525 percipi
585 456 695 511 debeat.
732 456 775 510 34.
797 456 929 508 Arbitror
943 461 976 508 te

162 527 271 590 audire,
281 526 390 595 Scipio,
410 527 512 595 hospes
520 534 587 580 tuus
597 529 699 590 avitus,
718 526 880 589 Masinissa,
900 539 978 595 quac

164 598 253 651 saciat
264 596 358 662 hodie,
367 600 522 666 nonaginta
532 613 619 650 annos
630 604 724 667 iratus:
735 612 819 666 quum
829 596 977 666 ingressus

163 668 220 722 iter
232 668 349 735 pedibus
358 669 414 731 sit,
429 669 457 719 in
467 685 568 736 equum
579 669 692 720 omnino
711 683 767 719 non
786 665 978 732 adscenderet
1039 704 1040 737 ,

165 748 250 806 quom
266 753 351 806 equo,
371 753 408 791 ex
423 754 494 806 equo
510 752 567 790 non
582 737 764 792 descenderet
785 736 864 788 nollo
874 737 977 798 imbre,

165 808 245 861 nullo
256 808 365 877 frigore
376 808 486 872 adduci,
504 815 537 860 ut
547 810 643 876 capite
654 814 752 876 operto
763 806 814 861 sit:
835 820 977 858 sumniam

136 886 139 889 ’
164 878 194 930 in
206 891 240 930 ee
252 894 313 930 esse
324 879 451 945 corporis
462 879 633 933 siccitatem:
643 879 740 946 itaque
750 875 866 944 exsequi
876 875 978 929 omnis

166 948 253 1016 Regis
262 947 356 1000 officia
366 955 395 1000 et
404 964 527 1003 munem.
563 948 659 1001 Potest
668 949 757 1017 igitur
767 946 978 1000 exercitatioet

165 1019 352 1085 temperantia
372 1018 457 1070 etiam
476 1019 506 1069 in
526 1025 671 1072 senectute
684 1032 850 1071 conservare
865 1014 976 1084 aliquid
1039 1016 1040 1073 .

167 1087 280 1155 pristini
293 1088 411 1140 roboris.
447 1088 495 1139 ΧΙ.
514 1089 579 1141 Non
591 1095 657 1140 sunt
668 1088 701 1140 in
721 1092 867 1141 senectute
881 1084 977 1143 vires}
1039 1080 1040 1141 ἶ

164 1157 209 1210 Ne
219 1157 398 1223 postulantur
411 1158 524 1227 quidem
540 1159 616 1212 rires
629 1174 647 1212 a
661 1163 814 1215 senectute.
841 1157 929 1225 Ergo
944 1160 977 1211 et

166 1226 276 1295 tegibus
287 1233 316 1280 et
325 1228 464 1279 institutis
474 1234 559 1281 vocat
569 1233 647 1282 oetas
657 1233 756 1281 nostra
761 1226 923 1280 muneribus
928 1227 977 1291 iis,

98 1357 104 1362 ,
165 1312 238 1365 quae
250 1312 305 1350 non
316 1303 433 1366 possunt
444 1298 504 1350 sine
513 1299 620 1351 viribus
630 1299 773 1353 sustineri.
809 1299 908 1365 ltaque
918 1310 977 1349 oon

166 1367 259 1431 modo,
270 1368 345 1437 quod
356 1383 411 1420 non
421 1383 577 1437 possumus,
588 1368 821 1439 sednequantunr
845 1381 976 1419 ossumus
1039 1406 1040 1415 .

168 1438 289 1510 quidem,
298 1439 434 1507 cogimur.
466 1438 607 1492 semita
617 1440 775 1492 multisunt
785 1383 923 1491 ingenui
934 1452 978 1491 se·

170 1525 233 1572 nes,
254 1515 287 1561 ut
297 1509 404 1562 ordlurn
416 1507 503 1561 oflicii
513 1517 563 1562 out
576 1510 689 1563 omnino
701 1509 776 1563 ritae
787 1524 887 1561 munus
898 1523 978 1563 exse·

68 1577 71 1584 '
168 1580 215 1646 qui
226 1581 343 1646 possint.
379 1580 457 1633 Atid
470 1580 582 1648 quidem
597 1595 654 1632 non
667 1580 811 1648 proprium
823 1578 977 1633 senectutis

168 1656 211 1701 est
222 1650 330 1714 vitium,
341 1650 391 1702 sed
401 1664 548 1702 commune
558 1650 738 1703 ratetudinis.
758 1650 849 1713 Quam
860 1649 978 1701 fuitim·

166 1719 287 1801 beciilos
297 1720 327 1773 P.
338 1719 461 1802 Africani
472 1720 594 1783 tiliusis,
613 1721 662 1804 qui
671 1726 701 1775 te
711 1714 871 1842 ffl‘fft‘fffffl
891 1734 977 1803 quam

166 1796 244 1841 tenor
255 1796 303 1841 aut
314 1790 391 1842 nulio
400 1793 495 1859 potrus
503 1790 678 1844 valetudine!
690 1791 752 1853 Quo
783 1789 977 1854 orstefursset,

87 1855 103 1862 '⁴
167 1858 289 1912 alterum
310 1859 360 1912 ille
374 1861 531 1913 exstitisset
549 1861 643 1914 lumen
657 1860 789 1916 civitatis.
824 1859 867 1912 Ad
884 1865 977 1927 pster-

167 1944 231 1981 uum
243 1927 316 1981 enim
327 1930 545 1999 magnitudinem
559 1929 645 1981 enimi
659 1930 789 1984 doctrina
803 1929 921 1986 uberior·
931 1943 977 1982 ae·

168 2004 300 2052 cesserat.
336 1999 411 2062 Quid
426 2002 527 2052 mirum
541 2001 631 2069 igitur
644 1999 675 2051 in
690 2000 816 2063 senibus,
836 2000 862 2051 si
872 1997 978 2052 infirmi
1040 1989 1041 2044 i

167 2077 232 2121 sunt
241 2069 401 2137 aliquando,
412 2085 494 2137 quum
504 2070 535 2122 id
544 2087 578 2124 ne
586 2069 901 2137 adolescentesquidcm
909 2068 977 2124 offa·
1040 2067 1041 2070 ’

168 2153 235 2208 gero
246 2141 371 2207 possiott
382 2141 586 2203 Resistendum,
598 2139 766 2196 LaelietSc'
788 2139 826 2202 io,
837 2134 978 2193 senectuti

168 2216 222 2272 est,
238 2210 351 2279 eiusque
360 2206 590 2281 ritiodiligentia
601 2225 766 2279 compensas
787 2217 888 2263 asont.
925 2207 979 2262 Pu·

168 2279 317 2348 gnnndum,
328 2286 471 2346 tamquam
483 2287 581 2333 eontra
589 2281 725 2345 morbum,
735 2281 777 2334 sie
787 2285 888 2333 eontra
898 2293 978 2331 sene·

169 2357 282 2401 etatem.
302 2346 344 2401 36.
353 2350 490 2402 Habenda
500 2351 574 2418 ratio
584 2350 765 2403 valetudinis:
784 2349 920 2402 utendum
932 2362 978 2400 cx·

169 2419 384 2471 ercitntionibus
395 2418 526 2471 modicis:
537 2426 647 2476 tantum
658 2421 714 2473 cibi
725 2425 754 2473 et
765 2419 889 2488 potionis
901 2416 980 2475 adhi-

168 2486 298 2551 nendum,
309 2495 341 2540 ot
352 2489 517 2540 reficiantur
527 2490 611 2553 vires,
623 2506 679 2542 non
690 2490 893 2558 opprimantur.
918 2487 979 2541 Nae

169 2563 236 2606 cero
247 2558 359 2623 corpori
369 2558 425 2609 soli
437 2560 656 2613 subveniendum
667 2566 719 2624 est,
734 2559 784 2612 sed
794 2559 883 2613 menti
894 2565 980 2624 atque

168 2623 263 2673 aoinro
279 2626 369 2677 multo
385 2628 484 2694 magis.
520 2629 594 2682 Nam
611 2628 681 2683 haee
695 2643 819 2698 quoque,
839 2627 894 2680 nisi
909 2632 979 2679 tane

101 2697 105 2702 “
168 2700 251 2753 quam
263 2691 362 2746 lumini
373 2695 466 2749 oleum
476 2697 608 2763 instilla,
628 2700 981 2769 ounnguunsursenaetn·
