2084 3025
284 244 297 265 ,
349 189 627 251 snrnuuurn.
844 190 891 244 rer

81 296 154 349 tntis
163 294 343 363 ancipitum
356 294 736 362 qundaceipiatfnmamdtus
748 294 893 364 per-horre·

52 420 58 428 ,
81 364 237 433 seit‚quem
248 381 394 435 numquam
406 364 694 417 ineursinneirostium
707 383 892 421 crrnrmonere.

134 438 160 488 5.
184 437 252 486 Ernt
271 451 376 485 urceum
395 444 489 487 autem
507 437 611 502 uirique
626 437 745 489 inveniri
760 437 821 490 sine
833 438 893 489 ullo

80 506 189 567 labore,
201 507 259 556 siue
272 505 329 559 ulln
339 505 567 572 investigatione.
605 510 683 572 (llaec
694 510 804 557 omnine
823 526 858 559 eo
867 509 892 560 d.

79 576 110 628 Μ
118 597 139 626 s.
157 580 174 627 l
185 580 231 625 nti
242 580 273 633 e.)

16 667 19 673 ’
116 700 165 753 u1.
182 699 320 751 onnon.
341 700 535 754 onnrmms
552 699 673 753 rnen
686 699 857 755 rourum.

135 784 162 838 1.
181 787 194 812 *
206 787 241 818 *²⁵
258 789 428 853 oportuisse3
447 803 481 839 nn
494 789 535 839 ita
546 788 682 848 dissolvit,
693 794 724 837 nt
736 803 832 840 omnes
844 787 894 838 alii

82 856 279 908 dissolverint!
297 858 370 911 Nam
383 848 424 907 ita
435 873 487 924 ego
499 857 620 910 delendo
633 857 673 908 M.
683 858 838 917 Fonteium,
854 858 894 908 iu·

83 927 170 988 diees,
192 927 286 993 itaque
298 927 445 988 contendo,
463 933 528 994 post
539 928 629 995 legem
642 925 785 978 Valeriam
798 927 894 989 lutam,

83 1012 101 1048 a
113 995 153 1048 M.
164 994 282 1049 Fonteio
301 996 456 1056 Quaestore
471 1013 559 1063 usqne
579 997 614 1047 nd
630 997 723 1048 Titum
739 996 895 1062 Crispinum

83 1068 269 1128 ouaestnnm
287 1067 370 1121 aliter
382 1065 518 1117 neminem
535 1068 666 1118 solvisse:
689 1066 761 1119 hmo
772 1066 894 1117 omnium

84 1136 272 1202 superiorum,
289 1132 370 1184 huius
381 1143 472 1186 autem
486 1126 590 1198 omues,
610 1138 659 1205 qui
670 1145 769 1202 postea
781 1135 896 1195 luerint,

84 1204 287 1323 auetoriltotlem
302 1204 499 1259 dinoscentes.
537 1207 611 1269 onis
621 1207 754 1261 accusas-t
774 1205 842 1273 qnid
853 1220 895 1257 re·

89 1270 185 1327 'relteu
207 1274 245 1324 is'.

81 1291 100 1343 P
137 1343 210 1394 Nam
226 1341 298 1412 qnod
315 1342 345 1392 in
360 1341 465 1393 tabulis
482 1342 673 1407 dodrantariis
690 1349 719 1395 et
730 1343 895 1409 quadranta-

83 1414 143 1476 riis,
157 1428 226 1480 quas
238 1415 277 1464 ait
289 1412 323 1462 ab
334 1412 477 1464 Hirtuleio
490 1413 645 1474 institutas,
652 1413 761 1467 Fonteii
774 1412 896 1463 officium

84 1482 240 1545 desideret,
252 1498 305 1533 nen
319 1497 430 1549 possum
444 1481 615 1545 existimare,
636 1489 730 1535 utrum
742 1483 801 1549 ipse
813 1487 896 1545 erret,

84 1571 121 1608 au
132 1570 183 1605 vos
194 1554 224 1603 iu
235 1568 356 1608 errorem
370 1552 470 1620 ducere
481 1552 558 1602 velit.
593 1554 704 1615 Quaero
716 1554 789 1603 euim
800 1555 896 1614 abste,

82 1626 125 1677 M.
145 1623 285 1684 Plaetori,
307 1622 430 1688 possitne
449 1622 574 1688 tibi-ipsi
589 1622 711 1688 probatu
725 1638 787 1673 osse
802 1629 898 1672 nostra
922 1651 924 1656 ,

85 1709 199 1755 eanum,
222 1694 260 1755 si,
280 1708 333 1758 qun
341 1692 373 1742 in
382 1707 414 1743 re
429 1692 479 1742 abs
495 1697 523 1743 te
544 1691 583 1743 Μ.
595 1691 729 1742 Fonteius
741 1699 896 1752 accusatur,

83 1771 231 1824 auctorem
243 1761 327 1814 habet
339 1776 414 1824 euru,
435 1776 516 1827 quern
529 1766 560 1812 tu
570 1762 689 1813 maxime
700 1761 813 1824 lnurlns,
832 1761 897 1812 Hir·

85 1834 219 1887 iuleium:
241 1848 295 1899 qua
308 1833 337 1883 in
348 1847 379 1882 re
394 1837 488 1898 nutem
506 1831 606 1885 laudus
619 1831 805 1893 Hirtuleium,
825 1830 898 1882 Fen·

84 1895 161 1958 teins
182 1903 256 1954 idem
275 1901 376 1953 fecisse
390 1902 540 1968 reperitur.
576 1900 766 1968 Reprehendis
780 1900 897 1956 solutio·

85 1976 131 2028 nis
147 1989 245 2042 genus:
267 1971 363 2024 endem
381 1970 467 2021 modo
482 1970 650 2024 Hirtuleium
674 1971 835 2024 dissolvisse
850 1987 898 2037 pu·

84 2045 181 2097 blicae
192 2042 305 2094 tabulae
324 2048 488 2109 coarguunt.
525 2041 638 2096 Laudas
648 2042 743 2104 illum,
765 2042 838 2108 qnod
851 2042 898 2091 do·

89 2113 251 2167 drautnrias
266 2112 377 2164 tsbnlns
392 2111 560 2163 instituerit:
582 2111 693 2164 easdem
706 2112 841 2164 Fonteius
858 2112 898 2164 iu·

87 2184 193 2245 stituit,
210 2188 238 2233 et
248 2182 345 2233 eodem
355 2197 456 2249 genere
467 2182 613 2248 peeuniae.
648 2182 720 2233 Nnm
731 2199 766 2234 ue
777 2181 849 2232 forte
859 2182 898 2231 sis

84 2252 212 2312 nescius,
233 2253 341 2314 etjstns
353 2251 465 2305 ‚tabulas
477 2252 621 2312 existimes
630 2251 668 2305 ad
681 2252 816 2302 diversum
826 2259 897 2302 vete·

84 2324 127 2377 ris
150 2322 224 2375 aeris
242 2321 328 2373 alieni
342 2323 479 2372 rationem
497 2323 649 2387 pertinere3
671 2322 706 2372 ob
721 2335 803 2374 unnm
821 2335 898 2371 eaus-

86 2409 150 2445 snm
163 2398 191 2444 et
202 2387 230 2441 iis
240 2407 295 2442 uno
309 2406 410 2457 genere
420 2395 486 2440 suut
497 2392 655 2454 institutae.
691 2389 764 2440 Nam
777 2405 838 2440 eum
850 2403 903 2454 pu·-

86 2461 217 2520 blieanis,
238 2463 285 2528 qui
296 2462 426 2524 Africam,
442 2460 490 2528 qui
499 2462 661 2531 Aquiliense
670 2458 826 2527 portorium
838 2469 898 2511 con²

85 2533 170 2585 decta
183 2530 315 2588 habebant
326 2532 337 2559 ⁴
347 2532 383 2559 *⁴

99 2595 104 2600 ’
141 2601 374 2652 ***renite***

141 2670 246 2733 Nemo,
268 2685 348 2722 nemo
366 2668 497 2737 inquom,
513 2666 637 2731 iudices,
658 2666 828 2733 reperietur,
850 2668 899 2732 qui

86 2757 174 2793 unum
186 2733 216 2793 s'e
227 2741 256 2792 iu
269 2739 427 2802 Quaestum
437 2739 477 2791 M.
487 2737 607 2791 Fonteio
622 2752 764 2792 nummum
777 2735 914 2799 dedisse„
