<?xml version="1.0" encoding="UTF-8"?>
<!DOCTYPE html PUBLIC "-//W3C//DTD XHTML 1.0 Transitional//EN"
    "http://www.w3.org/TR/xhtml1/DTD/xhtml1-transitional.dtd">
<html xmlns="http://www.w3.org/1999/xhtml" xml:lang="en" lang="en">
 <head>
  <title>
</title>
<meta http-equiv="Content-Type" content="text/html;charset=utf-8" />
  <meta name='ocr-system' content='tesseract 3.04.00' />
  <meta name='ocr-capabilities' content='ocr_page ocr_carea ocr_par ocr_line ocrx_word'/>
</head>
<body>
  <div class='ocr_page' id='page_1' title='image "./opera00nobbgoog/opera00nobbgoog_0767.png"; bbox 0 0 2084 3025; ppageno 0'>
   <div class='ocr_carea' id='block_1_1' title="bbox 290 184 843 248">
    <p class='ocr_par' dir='ltr' id='par_1_1' title="bbox 290 184 843 248">
     <span class='ocr_line' id='line_1_1' title="bbox 290 184 843 248; baseline 0.011 -6"><span class='ocrx_word' id='word_1_1' title='bbox 290 184 381 245; x_wconf 72' lang='lat' dir='ltr'><strong>PAR.</strong></span> <span class='ocrx_word' id='word_1_2' title='bbox 399 188 434 245; x_wconf 83' lang='lat' dir='ltr'>V.</span> <span class='ocrx_word' id='word_1_3' title='bbox 462 190 545 246; x_wconf 78' lang='lat' dir='ltr'><strong>CAP.</strong></span> <span class='ocrx_word' id='word_1_4' title='bbox 565 188 590 245; x_wconf 85' lang='lat'>1.</span> <span class='ocrx_word' id='word_1_5' title='bbox 808 191 843 248; x_wconf 80' lang='lat'>81</span> 
     </span>
    </p>
   </div>
   <div class='ocr_carea' id='block_1_2' title="bbox 7 292 924 1826">
    <p class='ocr_par' dir='ltr' id='par_1_2' title="bbox 7 292 924 1826">
     <span class='ocr_line' id='line_1_2' title="bbox 46 292 843 363; baseline 0.008 -19"><span class='ocrx_word' id='word_1_6' title='bbox 46 297 157 363; x_wconf 85' lang='lat' dir='ltr'>propter</span> <span class='ocrx_word' id='word_1_7' title='bbox 170 305 250 358; x_wconf 86' lang='lat' dir='ltr'>quem</span> <span class='ocrx_word' id='word_1_8' title='bbox 264 292 415 362; x_wconf 80' lang='lat' dir='ltr'>aliquando</span> <span class='ocrx_word' id='word_1_9' title='bbox 431 297 530 348; x_wconf 79' lang='lat' dir='ltr'>civitas</span> <span class='ocrx_word' id='word_1_10' title='bbox 542 292 596 348; x_wconf 81' lang='lat' dir='ltr'>nou</span> <span class='ocrx_word' id='word_1_11' title='bbox 608 294 678 348; x_wconf 73' lang='lat' dir='ltr'>fuiti</span> <span class='ocrx_word' id='word_1_12' title='bbox 699 300 728 347; x_wconf 87' lang='lat' dir='ltr'>ct</span> <span class='ocrx_word' id='word_1_13' title='bbox 738 311 781 347; x_wconf 88' lang='lat' dir='ltr'>me</span> <span class='ocrx_word' id='word_1_14' title='bbox 792 305 843 350; x_wconf 83' lang='lat' dir='ltr'>tuo</span> 
     </span>
     <span class='ocr_line' id='line_1_3' title="bbox 48 362 845 429; baseline 0.004 -14"><span class='ocrx_word' id='word_1_15' title='bbox 48 363 153 415; x_wconf 81' lang='lat' dir='ltr'>uonriue</span> <span class='ocrx_word' id='word_1_16' title='bbox 164 362 298 427; x_wconf 80' lang='lat' dir='ltr'><strong>appellas,</strong></span> <span class='ocrx_word' id='word_1_17' title='bbox 309 380 392 429; x_wconf 91' lang='lat' dir='ltr'>quum</span> <span class='ocrx_word' id='word_1_18' title='bbox 404 381 499 418; x_wconf 81' lang='lat' dir='ltr'>onrnes</span> <span class='ocrx_word' id='word_1_19' title='bbox 510 381 573 418; x_wconf 86' lang='lat' dir='ltr'>meo</span> <span class='ocrx_word' id='word_1_20' title='bbox 586 366 710 418; x_wconf 79' lang='lat' dir='ltr'>discessu</span> <span class='ocrx_word' id='word_1_21' title='bbox 722 367 845 418; x_wconf 85' lang='lat' dir='ltr'>exsulas·</span> 
     </span>
     <span class='ocr_line' id='line_1_4' title="bbox 47 431 847 503; baseline 0.003 -18"><span class='ocrx_word' id='word_1_22' title='bbox 47 449 76 485; x_wconf 86' lang='lat' dir='ltr'>se</span> <span class='ocrx_word' id='word_1_23' title='bbox 86 431 278 498; x_wconf 87' lang='lat' dir='ltr'>rempublicam</span> <span class='ocrx_word' id='word_1_24' title='bbox 293 435 407 499; x_wconf 70' lang='lat' dir='ltr'>putenti</span> <span class='ocrx_word' id='word_1_25' title='bbox 427 436 633 503; x_wconf 77' lang='lat' dir='ltr'><strong>Numquamne,</strong></span> <span class='ocrx_word' id='word_1_26' title='bbox 653 433 737 487; x_wconf 85' lang='lat' dir='ltr'>homo</span> <span class='ocrx_word' id='word_1_27' title='bbox 755 451 847 487; x_wconf 82' lang='lat' dir='ltr'>suren·</span> 
     </span>
     <span class='ocr_line' id='line_1_5' title="bbox 7 501 844 573; baseline 0.002 -18"><span class='ocrx_word' id='word_1_28' title='bbox 7 531 8 534; x_wconf 59' lang='lat'><em>=</em></span> <span class='ocrx_word' id='word_1_29' title='bbox 46 501 162 564; x_wconf 85' lang='lat' dir='ltr'>tissime,</span> <span class='ocrx_word' id='word_1_30' title='bbox 182 507 212 553; x_wconf 86' lang='lat' dir='ltr'>te</span> <span class='ocrx_word' id='word_1_31' title='bbox 225 503 447 570; x_wconf 78' lang='lat' dir='ltr'>circumspiciesl</span> <span class='ocrx_word' id='word_1_32' title='bbox 467 521 630 573; x_wconf 84' lang='lat' dir='ltr'>numquam,</span> <span class='ocrx_word' id='word_1_33' title='bbox 652 521 703 557; x_wconf 86' lang='lat' dir='ltr'>nee</span> <span class='ocrx_word' id='word_1_34' title='bbox 717 504 785 571; x_wconf 90' lang='lat' dir='ltr'>quid</span> <span class='ocrx_word' id='word_1_35' title='bbox 803 504 844 557; x_wconf 82' lang='lat' dir='ltr'>fa·</span> 
     </span>
     <span class='ocr_line' id='line_1_6' title="bbox 40 571 844 645; baseline 0.004 -22"><span class='ocrx_word' id='word_1_36' title='bbox 40 574 112 645; x_wconf 14' lang='lat' dir='ltr'>«sias,</span> <span class='ocrx_word' id='word_1_37' title='bbox 127 571 323 636; x_wconf 72' lang='lat' dir='ltr'><strong>considerabis,</strong></span> <span class='ocrx_word' id='word_1_38' title='bbox 344 589 394 625; x_wconf 88' lang='lat' dir='ltr'>nee</span> <span class='ocrx_word' id='word_1_39' title='bbox 407 575 474 641; x_wconf 91' lang='lat' dir='ltr'>quid</span> <span class='ocrx_word' id='word_1_40' title='bbox 485 574 619 642; x_wconf 81' lang='lat' dir='ltr'>loquarel</span> <span class='ocrx_word' id='word_1_41' title='bbox 637 573 751 636; x_wconf 85' lang='lat' dir='ltr'>Nescis,</span> <span class='ocrx_word' id='word_1_42' title='bbox 774 575 844 626; x_wconf 83' lang='lat' dir='ltr'>exsi-</span> 
     </span>
     <span class='ocr_line' id='line_1_7' title="bbox 43 641 845 710; baseline 0.001 -16"><span class='ocrx_word' id='word_1_43' title='bbox 43 642 113 695; x_wconf 90' lang='lat' dir='ltr'>lium</span> <span class='ocrx_word' id='word_1_44' title='bbox 131 641 266 692; x_wconf 89' lang='lat' dir='ltr'>scelerum</span> <span class='ocrx_word' id='word_1_45' title='bbox 285 658 347 695; x_wconf 88' lang='lat' dir='ltr'>esse</span> <span class='ocrx_word' id='word_1_46' title='bbox 368 644 503 710; x_wconf 84' lang='lat' dir='ltr'>poenaml</span> <span class='ocrx_word' id='word_1_47' title='bbox 532 656 622 695; x_wconf 88' lang='lat' dir='ltr'>meum</span> <span class='ocrx_word' id='word_1_48' title='bbox 642 643 714 694; x_wconf 94' lang='lat' dir='ltr'>illud</span> <span class='ocrx_word' id='word_1_49' title='bbox 732 643 796 695; x_wconf 82' lang='lat' dir='ltr'>iter</span> <span class='ocrx_word' id='word_1_50' title='bbox 809 644 845 695; x_wconf 90' lang='lat' dir='ltr'>ob</span> 
     </span>
     <span class='ocr_line' id='line_1_8' title="bbox 43 706 876 782; baseline 0.001 -18"><span class='ocrx_word' id='word_1_51' title='bbox 43 708 280 781; x_wconf 73' lang='lat' dir='ltr'>praeclarissimas</span> <span class='ocrx_word' id='word_1_52' title='bbox 290 728 335 765; x_wconf 89' lang='lat' dir='ltr'>res</span> <span class='ocrx_word' id='word_1_53' title='bbox 347 728 363 765; x_wconf 81' lang='lat' dir='ltr'><strong>a</strong></span> <span class='ocrx_word' id='word_1_54' title='bbox 373 729 417 766; x_wconf 90' lang='lat' dir='ltr'>me</span> <span class='ocrx_word' id='word_1_55' title='bbox 428 706 524 782; x_wconf 80' lang='lat' dir='ltr'>gestal</span> <span class='ocrx_word' id='word_1_56' title='bbox 534 729 595 765; x_wconf 89' lang='lat' dir='ltr'>esse</span> <span class='ocrx_word' id='word_1_57' title='bbox 606 712 781 778; x_wconf 71' lang='lat' dir='ltr'>susceptum!</span> <span class='ocrx_word' id='word_1_58' title='bbox 803 710 846 771; x_wconf 82' lang='lat'>31.</span> <span class='ocrx_word' id='word_1_59' title='bbox 874 716 876 776; x_wconf 75' lang='lat' dir='ltr'>J</span> 
     </span>
     <span class='ocr_line' id='line_1_9' title="bbox 43 781 874 850; baseline 0 -15"><span class='ocrx_word' id='word_1_60' title='bbox 43 784 145 835; x_wconf 75' lang='lat' dir='ltr'>omncs</span> <span class='ocrx_word' id='word_1_61' title='bbox 156 781 284 832; x_wconf 82' lang='lat' dir='ltr'><strong>scelerati</strong></span> <span class='ocrx_word' id='word_1_62' title='bbox 295 788 378 848; x_wconf 85' lang='lat' dir='ltr'>atquc</span> <span class='ocrx_word' id='word_1_63' title='bbox 389 783 477 850; x_wconf 88' lang='lat' dir='ltr'>impii,</span> <span class='ocrx_word' id='word_1_64' title='bbox 488 790 648 850; x_wconf 87' lang='lat' dir='ltr'>quorumtu</span> <span class='ocrx_word' id='word_1_65' title='bbox 660 789 688 834; x_wconf 92' lang='lat' dir='ltr'>te</span> <span class='ocrx_word' id='word_1_66' title='bbox 698 782 794 834; x_wconf 87' lang='lat' dir='ltr'>ducem</span> <span class='ocrx_word' id='word_1_67' title='bbox 806 799 848 835; x_wconf 86' lang='lat' dir='ltr'>es·</span> <span class='ocrx_word' id='word_1_68' title='bbox 872 782 874 785; x_wconf 80' lang='grc'><strong>’</strong></span> 
     </span>
     <span class='ocr_line' id='line_1_10' title="bbox 17 850 872 921; baseline -0.006 -15"><span class='ocrx_word' id='word_1_69' title='bbox 17 857 21 865; x_wconf 89' lang='grc'><strong>“</strong></span> <span class='ocrx_word' id='word_1_70' title='bbox 36 869 72 906; x_wconf 85' lang='lat' dir='ltr'>se</span> <span class='ocrx_word' id='word_1_71' title='bbox 83 850 232 920; x_wconf 82' lang='lat' dir='ltr'>profiteris,</span> <span class='ocrx_word' id='word_1_72' title='bbox 249 866 318 918; x_wconf 87' lang='lat' dir='ltr'>quos</span> <span class='ocrx_word' id='word_1_73' title='bbox 330 852 407 921; x_wconf 83' lang='lat' dir='ltr'>leges</span> <span class='ocrx_word' id='word_1_74' title='bbox 418 852 519 905; x_wconf 88' lang='lat' dir='ltr'>exsilio</span> <span class='ocrx_word' id='word_1_75' title='bbox 531 852 605 904; x_wconf 85' lang='lat' dir='ltr'>affici</span> <span class='ocrx_word' id='word_1_76' title='bbox 615 852 722 913; x_wconf 86' lang='lat' dir='ltr'>volunt,</span> <span class='ocrx_word' id='word_1_77' title='bbox 736 852 847 904; x_wconf 81' lang='lat' dir='ltr'>exsules</span> <span class='ocrx_word' id='word_1_78' title='bbox 869 894 872 901; x_wconf 85' lang='grc'>,</span> 
     </span>
     <span class='ocr_line' id='line_1_11' title="bbox 39 920 846 991; baseline -0.004 -16"><span class='ocrx_word' id='word_1_79' title='bbox 39 926 116 984; x_wconf 79' lang='lat' dir='ltr'>suet,</span> <span class='ocrx_word' id='word_1_80' title='bbox 126 920 210 972; x_wconf 88' lang='lat' dir='ltr'>etiam</span> <span class='ocrx_word' id='word_1_81' title='bbox 221 921 247 971; x_wconf 77' lang='lat' dir='ltr'>&#39;si</span> <span class='ocrx_word' id='word_1_82' title='bbox 257 921 348 972; x_wconf 89' lang='lat' dir='ltr'>solum</span> <span class='ocrx_word' id='word_1_83' title='bbox 360 937 415 974; x_wconf 89' lang='lat' dir='ltr'>non</span> <span class='ocrx_word' id='word_1_84' title='bbox 427 929 577 974; x_wconf 82' lang='lat' dir='ltr'>mutarunt.</span> <span class='ocrx_word' id='word_1_85' title='bbox 605 921 647 973; x_wconf 79' lang='lat' dir='ltr'>Au</span> <span class='ocrx_word' id='word_1_86' title='bbox 657 932 740 991; x_wconf 89' lang='lat' dir='ltr'>quum</span> <span class='ocrx_word' id='word_1_87' title='bbox 751 936 846 972; x_wconf 87' lang='lat' dir='ltr'>omnes</span> 
     </span>
     <span class='ocr_line' id='line_1_12' title="bbox 36 990 896 1059; baseline -0.003 -15"><span class='ocrx_word' id='word_1_88' title='bbox 36 993 119 1059; x_wconf 84' lang='lat' dir='ltr'>leges</span> <span class='ocrx_word' id='word_1_89' title='bbox 137 996 167 1042; x_wconf 90' lang='lat' dir='ltr'>te</span> <span class='ocrx_word' id='word_1_90' title='bbox 190 992 314 1058; x_wconf 86' lang='lat' dir='ltr'>exsulem</span> <span class='ocrx_word' id='word_1_91' title='bbox 334 1006 395 1044; x_wconf 90' lang='lat' dir='ltr'>esse</span> <span class='ocrx_word' id='word_1_92' title='bbox 409 993 539 1054; x_wconf 88' lang='lat' dir='ltr'>iubeant,</span> <span class='ocrx_word' id='word_1_93' title='bbox 560 1005 615 1049; x_wconf 84' lang='lat' dir='ltr'>nen</span> <span class='ocrx_word' id='word_1_94' title='bbox 632 992 687 1043; x_wconf 84' lang='lat' dir='ltr'>eris</span> <span class='ocrx_word' id='word_1_95' title='bbox 702 997 733 1042; x_wconf 91' lang='lat' dir='ltr'>tu</span> <span class='ocrx_word' id='word_1_96' title='bbox 749 990 846 1043; x_wconf 84' lang='lat' dir='ltr'>exsull</span> <span class='ocrx_word' id='word_1_97' title='bbox 892 999 896 1005; x_wconf 90' lang='grc'><strong><em>·</em></strong></span> 
     </span>
     <span class='ocr_line' id='line_1_13' title="bbox 36 1058 846 1128; baseline -0.005 -13"><span class='ocrx_word' id='word_1_98' title='bbox 36 1063 104 1115; x_wconf 86' lang='lat' dir='ltr'>Non</span> <span class='ocrx_word' id='word_1_99' title='bbox 115 1058 272 1125; x_wconf 77' lang='lat' dir='ltr'>expelletur</span> <span class='ocrx_word' id='word_1_100' title='bbox 283 1061 317 1123; x_wconf 89' lang='lat' dir='ltr'>is,</span> <span class='ocrx_word' id='word_1_101' title='bbox 328 1063 374 1128; x_wconf 90' lang='lat' dir='ltr'>qui</span> <span class='ocrx_word' id='word_1_102' title='bbox 386 1077 447 1113; x_wconf 91' lang='lat' dir='ltr'>cum</span> <span class='ocrx_word' id='word_1_103' title='bbox 457 1062 516 1114; x_wconf 87' lang='lat' dir='ltr'>telo</span> <span class='ocrx_word' id='word_1_104' title='bbox 528 1060 631 1112; x_wconf 71' lang='lat' dir='ltr'>fueriti</span> <span class='ocrx_word' id='word_1_105' title='bbox 643 1069 707 1113; x_wconf 83' lang='lat' dir='ltr'>ante</span> <span class='ocrx_word' id='word_1_106' title='bbox 713 1059 846 1112; x_wconf 86' lang='lat' dir='ltr'>Senatum</span> 
     </span>
     <span class='ocr_line' id='line_1_14' title="bbox 35 1129 847 1196; baseline -0.005 -11"><span class='ocrx_word' id='word_1_107' title='bbox 35 1141 88 1185; x_wconf 86' lang='lat' dir='ltr'>tua</span> <span class='ocrx_word' id='word_1_108' title='bbox 99 1131 160 1181; x_wconf 76' lang='lat' dir='ltr'>sies</span> <span class='ocrx_word' id='word_1_109' title='bbox 169 1129 341 1196; x_wconf 84' lang='lat' dir='ltr'>deprehensa</span> <span class='ocrx_word' id='word_1_110' title='bbox 351 1137 403 1183; x_wconf 85' lang='lat' dir='ltr'>est.</span> <span class='ocrx_word' id='word_1_111' title='bbox 431 1132 487 1194; x_wconf 76' lang='lat' dir='ltr'>Qui</span> <span class='ocrx_word' id='word_1_112' title='bbox 499 1130 635 1183; x_wconf 87' lang='lat' dir='ltr'>hominem</span> <span class='ocrx_word' id='word_1_113' title='bbox 648 1130 800 1182; x_wconf 80' lang='lat' dir='ltr'>occideritl</span> <span class='ocrx_word' id='word_1_114' title='bbox 816 1136 847 1181; x_wconf 89' lang='lat' dir='ltr'>tu</span> 
     </span>
     <span class='ocr_line' id='line_1_15' title="bbox 34 1199 847 1270; baseline -0.004 -17"><span class='ocrx_word' id='word_1_115' title='bbox 34 1201 174 1270; x_wconf 86' lang='lat' dir='ltr'>plurimos</span> <span class='ocrx_word' id='word_1_116' title='bbox 195 1199 332 1253; x_wconf 86' lang='lat' dir='ltr'>occidisti.</span> <span class='ocrx_word' id='word_1_117' title='bbox 369 1201 424 1264; x_wconf 76' lang='lat' dir='ltr'>Qui</span> <span class='ocrx_word' id='word_1_118' title='bbox 445 1201 603 1253; x_wconf 81' lang='lat' dir='ltr'><strong>incendium</strong></span> <span class='ocrx_word' id='word_1_119' title='bbox 625 1199 743 1252; x_wconf 65' lang='lat' dir='ltr'>fecerit!</span> <span class='ocrx_word' id='word_1_120' title='bbox 763 1199 847 1252; x_wconf 85' lang='lat' dir='ltr'>aedes</span> 
     </span>
     <span class='ocr_line' id='line_1_16' title="bbox 33 1268 849 1340; baseline 0.001 -20"><span class='ocrx_word' id='word_1_121' title='bbox 33 1268 236 1340; x_wconf 79' lang='lat' dir='ltr'>Nympharum</span> <span class='ocrx_word' id='word_1_122' title='bbox 245 1285 329 1321; x_wconf 81' lang='lat' dir='ltr'>manu</span> <span class='ocrx_word' id='word_1_123' title='bbox 338 1276 389 1321; x_wconf 86' lang='lat' dir='ltr'>tua</span> <span class='ocrx_word' id='word_1_124' title='bbox 400 1268 588 1339; x_wconf 80' lang='lat' dir='ltr'>dedragrarit.</span> <span class='ocrx_word' id='word_1_125' title='bbox 625 1269 679 1331; x_wconf 78' lang='lat' dir='ltr'>Qui</span> <span class='ocrx_word' id='word_1_126' title='bbox 688 1269 793 1334; x_wconf 89' lang='lat' dir='ltr'>templa</span> <span class='ocrx_word' id='word_1_127' title='bbox 804 1284 849 1321; x_wconf 92' lang='lat' dir='ltr'>oc·</span> 
     </span>
     <span class='ocr_line' id='line_1_17' title="bbox 32 1337 847 1409; baseline -0.006 -15"><span class='ocrx_word' id='word_1_128' title='bbox 32 1339 199 1409; x_wconf 79' lang='lat' dir='ltr'>cupaveritl</span> <span class='ocrx_word' id='word_1_129' title='bbox 213 1341 242 1390; x_wconf 85' lang='lat' dir='ltr'>in</span> <span class='ocrx_word' id='word_1_130' title='bbox 253 1339 317 1392; x_wconf 83' lang='lat' dir='ltr'>foro</span> <span class='ocrx_word' id='word_1_131' title='bbox 329 1345 421 1392; x_wconf 83' lang='lat' dir='ltr'>costra</span> <span class='ocrx_word' id='word_1_132' title='bbox 431 1339 560 1407; x_wconf 86' lang='lat' dir='ltr'>posuisti.</span> <span class='ocrx_word' id='word_1_133' title='bbox 596 1337 638 1391; x_wconf 81' lang='lat'>32.</span> <span class='ocrx_word' id='word_1_134' title='bbox 651 1337 706 1390; x_wconf 89' lang='lat' dir='ltr'>Sed</span> <span class='ocrx_word' id='word_1_135' title='bbox 716 1338 782 1405; x_wconf 90' lang='lat' dir='ltr'>quid</span> <span class='ocrx_word' id='word_1_136' title='bbox 794 1352 847 1405; x_wconf 85' lang='lat' dir='ltr'>ego</span> 
     </span>
     <span class='ocr_line' id='line_1_18' title="bbox 23 1407 849 1477; baseline -0.011 -12"><span class='ocrx_word' id='word_1_137' title='bbox 23 1424 199 1465; x_wconf 38' lang='lat' dir='ltr'>‚communes</span> <span class='ocrx_word' id='word_1_138' title='bbox 216 1411 294 1476; x_wconf 84' lang='lat' dir='ltr'>leges</span> <span class='ocrx_word' id='word_1_139' title='bbox 310 1409 439 1477; x_wconf 84' lang='lat' dir='ltr'>profero,</span> <span class='ocrx_word' id='word_1_140' title='bbox 460 1409 560 1477; x_wconf 87' lang='lat' dir='ltr'>quibus</span> <span class='ocrx_word' id='word_1_141' title='bbox 571 1408 699 1458; x_wconf 88' lang='lat' dir='ltr'>omnibus</span> <span class='ocrx_word' id='word_1_142' title='bbox 712 1423 741 1460; x_wconf 91' lang='lat' dir='ltr'>es</span> <span class='ocrx_word' id='word_1_143' title='bbox 752 1407 849 1458; x_wconf 79' lang='lat' dir='ltr'>exsuli</span> 
     </span>
     <span class='ocr_line' id='line_1_19' title="bbox 30 1476 849 1547; baseline -0.01 -10"><span class='ocrx_word' id='word_1_144' title='bbox 30 1478 287 1537; x_wconf 80' lang='lat' dir='ltr'>Familiarissimus</span> <span class='ocrx_word' id='word_1_145' title='bbox 297 1486 363 1532; x_wconf 90' lang='lat' dir='ltr'>tuus</span> <span class='ocrx_word' id='word_1_146' title='bbox 374 1481 408 1534; x_wconf 89' lang='lat' dir='ltr'>de</span> <span class='ocrx_word' id='word_1_147' title='bbox 417 1486 447 1532; x_wconf 88' lang='lat' dir='ltr'>te</span> <span class='ocrx_word' id='word_1_148' title='bbox 457 1479 635 1547; x_wconf 83' lang='lat' dir='ltr'>privilegium</span> <span class='ocrx_word' id='word_1_149' title='bbox 646 1477 721 1540; x_wconf 85' lang='lat' dir='ltr'>tulit,</span> <span class='ocrx_word' id='word_1_150' title='bbox 731 1482 771 1539; x_wconf 89' lang='lat' dir='ltr'>ut,</span> <span class='ocrx_word' id='word_1_151' title='bbox 781 1476 807 1527; x_wconf 91' lang='lat' dir='ltr'>si</span> <span class='ocrx_word' id='word_1_152' title='bbox 818 1477 849 1529; x_wconf 87' lang='lat' dir='ltr'>in</span> 
     </span>
     <span class='ocr_line' id='line_1_20' title="bbox 29 1547 849 1619; baseline -0.011 -13"><span class='ocrx_word' id='word_1_153' title='bbox 29 1557 169 1619; x_wconf 81' lang='lat' dir='ltr'>opertum</span> <span class='ocrx_word' id='word_1_154' title='bbox 176 1549 274 1602; x_wconf 86' lang='lat' dir='ltr'>Bonae</span> <span class='ocrx_word' id='word_1_155' title='bbox 285 1550 364 1603; x_wconf 86' lang='lat' dir='ltr'>Deae</span> <span class='ocrx_word' id='word_1_156' title='bbox 380 1551 559 1611; x_wconf 82' lang='lat' dir='ltr'>accessisses,</span> <span class='ocrx_word' id='word_1_157' title='bbox 581 1548 732 1599; x_wconf 80' lang='lat' dir='ltr'>exsulares.</span> <span class='ocrx_word' id='word_1_158' title='bbox 769 1547 805 1598; x_wconf 78' lang='lat' dir='ltr'>At</span> <span class='ocrx_word' id='word_1_159' title='bbox 818 1552 849 1597; x_wconf 87' lang='lat' dir='ltr'>te</span> 
     </span>
     <span class='ocr_line' id='line_1_21' title="bbox 27 1616 850 1687; baseline -0.013 -11"><span class='ocrx_word' id='word_1_160' title='bbox 27 1623 59 1675; x_wconf 93' lang='lat' dir='ltr'>id</span> <span class='ocrx_word' id='word_1_161' title='bbox 71 1620 189 1680; x_wconf 79' lang='lat' dir='ltr'>fecisse,</span> <span class='ocrx_word' id='word_1_162' title='bbox 200 1620 285 1671; x_wconf 87' lang='lat' dir='ltr'>etiam</span> <span class='ocrx_word' id='word_1_163' title='bbox 297 1621 415 1687; x_wconf 86' lang='lat' dir='ltr'>gloriari</span> <span class='ocrx_word' id='word_1_164' title='bbox 426 1620 511 1672; x_wconf 89' lang='lat' dir='ltr'>soles.</span> <span class='ocrx_word' id='word_1_165' title='bbox 532 1616 681 1680; x_wconf 76' lang='lat' dir='ltr'>Quomodo</span> <span class='ocrx_word' id='word_1_166' title='bbox 693 1616 787 1684; x_wconf 77' lang='lat' dir='ltr'>igitur,</span> <span class='ocrx_word' id='word_1_167' title='bbox 803 1620 850 1666; x_wconf 85' lang='lat' dir='ltr'>tot</span> 
     </span>
     <span class='ocr_line' id='line_1_22' title="bbox 27 1685 924 1758; baseline -0.008 -17"><span class='ocrx_word' id='word_1_168' title='bbox 27 1691 151 1758; x_wconf 79' lang='lat' dir='ltr'>legibus</span> <span class='ocrx_word' id='word_1_169' title='bbox 162 1689 191 1739; x_wconf 86' lang='lat' dir='ltr'>in</span> <span class='ocrx_word' id='word_1_170' title='bbox 199 1689 328 1740; x_wconf 86' lang='lat' dir='ltr'>exsilium</span> <span class='ocrx_word' id='word_1_171' title='bbox 344 1685 465 1752; x_wconf 86' lang='lat' dir='ltr'>eiectus,</span> <span class='ocrx_word' id='word_1_172' title='bbox 487 1690 588 1739; x_wconf 88' lang='lat' dir='ltr'>nomen</span> <span class='ocrx_word' id='word_1_173' title='bbox 606 1687 710 1739; x_wconf 83' lang='lat' dir='ltr'>exsulis</span> <span class='ocrx_word' id='word_1_174' title='bbox 722 1700 777 1736; x_wconf 89' lang='lat' dir='ltr'>uon</span> <span class='ocrx_word' id='word_1_175' title='bbox 788 1699 851 1751; x_wconf 88' lang='lat' dir='ltr'>per·</span> <span class='ocrx_word' id='word_1_176' title='bbox 907 1729 924 1756; x_wconf 49' lang='lat' dir='ltr'>x</span> 
     </span>
     <span class='ocr_line' id='line_1_23' title="bbox 25 1755 849 1826; baseline -0.012 -12"><span class='ocrx_word' id='word_1_177' title='bbox 25 1758 198 1814; x_wconf 79' lang='lat' dir='ltr'>horrescisl</span> <span class='ocrx_word' id='word_1_178' title='bbox 210 1758 314 1811; x_wconf 84' lang='lat' dir='ltr'>Romae</span> <span class='ocrx_word' id='word_1_179' title='bbox 324 1775 391 1822; x_wconf 80' lang='lat' dir='ltr'>eum,</span> <span class='ocrx_word' id='word_1_180' title='bbox 402 1758 502 1826; x_wconf 86' lang='lat' dir='ltr'>inquis.</span> <span class='ocrx_word' id='word_1_181' title='bbox 538 1757 576 1807; x_wconf 89' lang='lat' dir='ltr'>Et</span> <span class='ocrx_word' id='word_1_182' title='bbox 586 1755 696 1825; x_wconf 88' lang='lat' dir='ltr'>quidem</span> <span class='ocrx_word' id='word_1_183' title='bbox 708 1756 737 1805; x_wconf 90' lang='lat' dir='ltr'>in</span> <span class='ocrx_word' id='word_1_184' title='bbox 749 1759 849 1824; x_wconf 84' lang='lat' dir='ltr'>operto</span> 
     </span>
    </p>
   </div>
   <div class='ocr_carea' id='block_1_3' title="bbox 24 1823 946 1895">
    <p class='ocr_par' dir='ltr' id='par_1_3' title="bbox 24 1823 946 1895">
     <span class='ocr_line' id='line_1_24' title="bbox 24 1823 946 1895; baseline -0.012 -10"><span class='ocrx_word' id='word_1_185' title='bbox 24 1830 126 1885; x_wconf 84' lang='lat' dir='ltr'>fuisti.</span> <span class='ocrx_word' id='word_1_186' title='bbox 165 1828 228 1879; x_wconf 90' lang='lat' dir='ltr'>Non</span> <span class='ocrx_word' id='word_1_187' title='bbox 238 1828 326 1894; x_wconf 80' lang='lat' dir='ltr'>igitur</span> <span class='ocrx_word' id='word_1_188' title='bbox 337 1831 384 1880; x_wconf 91' lang='lat' dir='ltr'>ubi</span> <span class='ocrx_word' id='word_1_189' title='bbox 397 1830 512 1895; x_wconf 86' lang='lat' dir='ltr'>quisquc</span> <span class='ocrx_word' id='word_1_190' title='bbox 529 1827 596 1890; x_wconf 87' lang='lat' dir='ltr'>erit,</span> <span class='ocrx_word' id='word_1_191' title='bbox 617 1823 862 1892; x_wconf 62' lang='lat' dir='ltr'>eiuslociiuste2</span> <span class='ocrx_word' id='word_1_192' title='bbox 943 1863 946 1874; x_wconf 91' lang='lat'><em>.</em></span> 
     </span>
    </p>
   </div>
   <div class='ocr_carea' id='block_1_4' title="bbox 16 1896 728 1966">
    <p class='ocr_par' dir='ltr' id='par_1_4' title="bbox 16 1896 728 1966">
     <span class='ocr_line' id='line_1_25' title="bbox 16 1896 728 1966; baseline -0.011 -10"><span class='ocrx_word' id='word_1_193' title='bbox 16 1898 129 1963; x_wconf 81' lang='lat' dir='ltr'>¹nebit3</span> <span class='ocrx_word' id='word_1_194' title='bbox 152 1898 178 1950; x_wconf 82' lang='lat' dir='ltr'>si</span> <span class='ocrx_word' id='word_1_195' title='bbox 192 1898 233 1951; x_wconf 88' lang='lat' dir='ltr'>ibi</span> <span class='ocrx_word' id='word_1_196' title='bbox 244 1913 307 1950; x_wconf 89' lang='lat' dir='ltr'>eum</span> <span class='ocrx_word' id='word_1_197' title='bbox 318 1898 427 1966; x_wconf 85' lang='lat' dir='ltr'>legibus</span> <span class='ocrx_word' id='word_1_198' title='bbox 440 1912 566 1951; x_wconf 87' lang='lat' dir='ltr'>essenon</span> <span class='ocrx_word' id='word_1_199' title='bbox 576 1896 728 1965; x_wconf 83' lang='lat' dir='ltr'>oportebit.</span> 
     </span>
    </p>
   </div>
   <div class='ocr_carea' id='block_1_5' title="bbox 362 1993 531 2007">
    <p class='ocr_par' dir='ltr' id='par_1_5' title="bbox 362 1993 531 2007">
     <span class='ocr_line' id='line_1_26' title="bbox 362 1993 531 2007; baseline -0.012 -2"><span class='ocrx_word' id='word_1_200' title='bbox 362 1993 531 2007; x_wconf 55' lang='grc' dir='ltr'><strong><em>Μ</em></strong></span> 
     </span>
    </p>
   </div>
   <div class='ocr_carea' id='block_1_6' title="bbox 16 1995 851 2590">
    <p class='ocr_par' dir='ltr' id='par_1_6' title="bbox 56 1995 851 2296">
     <span class='ocr_line' id='line_1_27' title="bbox 651 1995 657 2022; baseline 0 0"><span class='ocrx_word' id='word_1_201' title='bbox 651 1995 657 2022; x_wconf 92' lang='grc'><strong>1</strong></span> 
     </span>
     <span class='ocr_line' id='line_1_28' title="bbox 284 2031 605 2089; baseline -0.003 0"><span class='ocrx_word' id='word_1_202' title='bbox 284 2031 545 2089; x_wconf 79' lang='lat' dir='ltr'>PARADOXON</span> <span class='ocrx_word' id='word_1_203' title='bbox 570 2035 605 2088; x_wconf 86' lang='lat' dir='ltr'>V.</span> 
     </span>
     <span class='ocr_line' id='line_1_29' title="bbox 56 2099 829 2172; baseline -0.005 -15"><span class='ocrx_word' id='word_1_204' title='bbox 56 2104 128 2157; x_wconf 82' lang='grc' dir='ltr'>Ὅτι</span> <span class='ocrx_word' id='word_1_205' title='bbox 137 2102 222 2171; x_wconf 79' lang='grc' dir='ltr'><em>μόνος</em></span> <span class='ocrx_word' id='word_1_206' title='bbox 232 2102 247 2153; x_wconf 80' lang='grc' dir='ltr'><strong><em>ὅ</em></strong></span> <span class='ocrx_word' id='word_1_207' title='bbox 259 2107 341 2172; x_wconf 78' lang='grc' dir='ltr'><strong><em>σοφὸς</em></strong></span> <span class='ocrx_word' id='word_1_208' title='bbox 350 2099 500 2168; x_wconf 66' lang='grc' dir='ltr'>ἐλεύθερος,</span> <span class='ocrx_word' id='word_1_209' title='bbox 511 2105 555 2155; x_wconf 82' lang='grc' dir='ltr'>καὶ</span> <span class='ocrx_word' id='word_1_210' title='bbox 564 2108 613 2161; x_wconf 78' lang='grc' dir='ltr'>πᾶς</span> <span class='ocrx_word' id='word_1_211' title='bbox 623 2101 713 2172; x_wconf 75' lang='grc' dir='ltr'><strong><em>ἄφρων</em></strong></span> <span class='ocrx_word' id='word_1_212' title='bbox 723 2101 829 2160; x_wconf 77' lang='grc' dir='ltr'><strong>δοῦλος.</strong></span> 
     </span>
     <span class='ocr_line' id='line_1_30' title="bbox 64 2172 851 2243; baseline -0.006 -14"><span class='ocrx_word' id='word_1_213' title='bbox 64 2176 172 2229; x_wconf 74' lang='lat' dir='ltr'>Solum</span> <span class='ocrx_word' id='word_1_214' title='bbox 188 2175 337 2243; x_wconf 67' lang='lat' dir='ltr'>sapientem</span> <span class='ocrx_word' id='word_1_215' title='bbox 355 2190 409 2226; x_wconf 81' lang='lat' dir='ltr'>cue</span> <span class='ocrx_word' id='word_1_216' title='bbox 425 2172 552 2236; x_wconf 80' lang='lat' dir='ltr'>liberum,</span> <span class='ocrx_word' id='word_1_217' title='bbox 573 2182 599 2225; x_wconf 85' lang='lat' dir='ltr'>et</span> <span class='ocrx_word' id='word_1_218' title='bbox 618 2189 719 2226; x_wconf 83' lang='lat' dir='ltr'>omnem</span> <span class='ocrx_word' id='word_1_219' title='bbox 734 2174 851 2225; x_wconf 73' lang='lat' dir='ltr'>stultum</span> 
     </span>
     <span class='ocr_line' id='line_1_31' title="bbox 249 2259 571 2296; baseline -0.003 0"><span class='ocrx_word' id='word_1_220' title='bbox 249 2261 251 2264; x_wconf 92' lang='lat'>·</span> <span class='ocrx_word' id='word_1_221' title='bbox 457 2259 571 2296; x_wconf 67' lang='lat' dir='ltr'>sucum.</span> 
     </span>
    </p>

    <p class='ocr_par' dir='ltr' id='par_1_7' title="bbox 16 2308 851 2590">
     <span class='ocr_line' id='line_1_32' title="bbox 23 2308 851 2382; baseline -0.001 -14"><span class='ocrx_word' id='word_1_222' title='bbox 23 2374 29 2377; x_wconf 49' lang='grc'><strong><em>,</em></strong></span> <span class='ocrx_word' id='word_1_223' title='bbox 81 2315 108 2368; x_wconf 90' lang='grc' dir='ltr'>Ι.</span> <span class='ocrx_word' id='word_1_224' title='bbox 129 2308 177 2367; x_wconf 82' lang='grc'>33.</span> <span class='ocrx_word' id='word_1_225' title='bbox 201 2312 345 2366; x_wconf 85' lang='lat' dir='ltr'>Laudetur</span> <span class='ocrx_word' id='word_1_226' title='bbox 364 2326 431 2364; x_wconf 71' lang='lat' dir='ltr'>cero</span> <span class='ocrx_word' id='word_1_227' title='bbox 451 2311 496 2366; x_wconf 89' lang='lat' dir='ltr'>hie</span> <span class='ocrx_word' id='word_1_228' title='bbox 510 2316 679 2382; x_wconf 82' lang='lat' dir='ltr'>Imperator,</span> <span class='ocrx_word' id='word_1_229' title='bbox 700 2312 851 2368; x_wconf 80' lang='lat' dir='ltr'>autetiam</span> 
     </span>
     <span class='ocr_line' id='line_1_33' title="bbox 19 2381 851 2456; baseline -0.007 -15"><span class='ocrx_word' id='word_1_230' title='bbox 19 2384 208 2456; x_wconf 80' lang='lat' dir='ltr'>appelletur,</span> <span class='ocrx_word' id='word_1_231' title='bbox 221 2394 268 2436; x_wconf 82' lang='lat' dir='ltr'>aut</span> <span class='ocrx_word' id='word_1_232' title='bbox 278 2381 332 2434; x_wconf 89' lang='lat' dir='ltr'>hoc</span> <span class='ocrx_word' id='word_1_233' title='bbox 341 2382 452 2434; x_wconf 78' lang='lat' dir='ltr'>nomi&#39;ue</span> <span class='ocrx_word' id='word_1_234' title='bbox 462 2384 564 2453; x_wconf 78' lang='lat' dir='ltr'>dignus</span> <span class='ocrx_word' id='word_1_235' title='bbox 573 2390 695 2450; x_wconf 85' lang='lat' dir='ltr'>putetur.</span> <span class='ocrx_word' id='word_1_236' title='bbox 720 2381 851 2442; x_wconf 76' lang='lat' dir='ltr'>Quomo-</span> 
     </span>
     <span class='ocr_line' id='line_1_34' title="bbox 17 2449 851 2520; baseline -0.018 -10"><span class='ocrx_word' id='word_1_237' title='bbox 17 2458 63 2510; x_wconf 88' lang='lat' dir='ltr'>do</span> <span class='ocrx_word' id='word_1_238' title='bbox 77 2461 136 2508; x_wconf 84' lang='lat' dir='ltr'>aut</span> <span class='ocrx_word' id='word_1_239' title='bbox 149 2454 195 2504; x_wconf 88' lang='lat' dir='ltr'>cui</span> <span class='ocrx_word' id='word_1_240' title='bbox 206 2453 320 2506; x_wconf 87' lang='lat' dir='ltr'>tandem</span> <span class='ocrx_word' id='word_1_241' title='bbox 330 2449 376 2504; x_wconf 90' lang='lat' dir='ltr'>hic</span> <span class='ocrx_word' id='word_1_242' title='bbox 386 2452 477 2504; x_wconf 91' lang='lat' dir='ltr'>libero</span> <span class='ocrx_word' id='word_1_243' title='bbox 488 2453 652 2520; x_wconf 85' lang='lat' dir='ltr'>imperabit,</span> <span class='ocrx_word' id='word_1_244' title='bbox 672 2450 721 2517; x_wconf 89' lang='lat' dir='ltr'>qui</span> <span class='ocrx_word' id='word_1_245' title='bbox 734 2466 790 2501; x_wconf 85' lang='lat' dir='ltr'>uon</span> <span class='ocrx_word' id='word_1_246' title='bbox 801 2466 851 2518; x_wconf 87' lang='lat' dir='ltr'>po.</span> 
     </span>
     <span class='ocr_line' id='line_1_35' title="bbox 16 2520 849 2590; baseline -0.002 -13"><span class='ocrx_word' id='word_1_247' title='bbox 16 2532 89 2581; x_wconf 85' lang='lat' dir='ltr'>test</span> <span class='ocrx_word' id='word_1_248' title='bbox 107 2522 318 2589; x_wconf 82' lang='lat' dir='ltr'>cupiditatibus</span> <span class='ocrx_word' id='word_1_249' title='bbox 332 2522 395 2584; x_wconf 78' lang='lat' dir='ltr'>suis</span> <span class='ocrx_word' id='word_1_250' title='bbox 404 2521 561 2590; x_wconf 74' lang='lat' dir='ltr'>imperaret</span> <span class='ocrx_word' id='word_1_251' title='bbox 581 2520 713 2573; x_wconf 81' lang='lat' dir='ltr'>Rcfrcuet</span> <span class='ocrx_word' id='word_1_252' title='bbox 728 2521 849 2585; x_wconf 87' lang='lat' dir='ltr'>primum</span> 
     </span>
    </p>
   </div>
   <div class='ocr_carea' id='block_1_7' title="bbox 14 2590 957 2660">
    <p class='ocr_par' dir='ltr' id='par_1_8' title="bbox 14 2590 957 2660">
     <span class='ocr_line' id='line_1_36' title="bbox 14 2590 957 2660; baseline -0.011 -8"><span class='ocrx_word' id='word_1_253' title='bbox 14 2594 303 2660; x_wconf 83' lang='lat' dir='ltr'>libidines,sper1rat</span> <span class='ocrx_word' id='word_1_254' title='bbox 312 2590 656 2659; x_wconf 79' lang='lat' dir='ltr'>voluptates,irscuudiam</span> <span class='ocrx_word' id='word_1_255' title='bbox 667 2595 851 2652; x_wconf 87' lang='lat' dir='ltr'>teneat,coer·</span> <span class='ocrx_word' id='word_1_256' title='bbox 952 2593 957 2598; x_wconf 80' lang='grc'><strong>“</strong></span> 
     </span>
    </p>
   </div>
   <div class='ocr_carea' id='block_1_8' title="bbox 14 2659 851 2804">
    <p class='ocr_par' dir='ltr' id='par_1_9' title="bbox 14 2659 851 2804">
     <span class='ocr_line' id='line_1_37' title="bbox 15 2659 851 2729; baseline -0.008 -12"><span class='ocrx_word' id='word_1_257' title='bbox 15 2671 97 2720; x_wconf 69' lang='lat' dir='ltr'>cest</span> <span class='ocrx_word' id='word_1_258' title='bbox 108 2664 274 2729; x_wconf 84' lang='lat' dir='ltr'>avaritiam,</span> <span class='ocrx_word' id='word_1_259' title='bbox 285 2667 393 2715; x_wconf 74' lang='lat' dir='ltr'>ceteras</span> <span class='ocrx_word' id='word_1_260' title='bbox 404 2662 488 2714; x_wconf 86' lang='lat' dir='ltr'>animi</span> <span class='ocrx_word' id='word_1_261' title='bbox 498 2663 577 2715; x_wconf 84' lang='lat' dir='ltr'>labes</span> <span class='ocrx_word' id='word_1_262' title='bbox 588 2659 718 2726; x_wconf 81' lang='lat' dir='ltr'>repellat:</span> <span class='ocrx_word' id='word_1_263' title='bbox 739 2666 800 2711; x_wconf 85' lang='lat' dir='ltr'>tum</span> <span class='ocrx_word' id='word_1_264' title='bbox 809 2660 851 2710; x_wconf 89' lang='lat' dir='ltr'>in·</span> 
     </span>
     <span class='ocr_line' id='line_1_38' title="bbox 14 2728 851 2804; baseline -0.012 -13"><span class='ocrx_word' id='word_1_265' title='bbox 14 2737 126 2804; x_wconf 75' lang='lat' dir='ltr'>cipiet</span> <span class='ocrx_word' id='word_1_266' title='bbox 139 2732 208 2786; x_wconf 82' lang='lat' dir='ltr'>aliis</span> <span class='ocrx_word' id='word_1_267' title='bbox 216 2734 365 2802; x_wconf 79' lang='lat' dir='ltr'>imperare,</span> <span class='ocrx_word' id='word_1_268' title='bbox 377 2729 459 2801; x_wconf 86' lang='lat' dir='ltr'>quum</span> <span class='ocrx_word' id='word_1_269' title='bbox 469 2734 530 2801; x_wconf 86' lang='lat' dir='ltr'>ipse</span> <span class='ocrx_word' id='word_1_270' title='bbox 540 2728 751 2797; x_wconf 87' lang='lat' dir='ltr'>improbissimis</span> <span class='ocrx_word' id='word_1_271' title='bbox 763 2728 851 2781; x_wconf 88' lang='lat' dir='ltr'>domi·</span> 
     </span>
    </p>
   </div>
   <div class='ocr_carea' id='block_1_9' title="bbox 16 2797 722 2894">
    <p class='ocr_par' dir='ltr' id='par_1_10' title="bbox 16 2797 722 2894">
     <span class='ocr_line' id='line_1_39' title="bbox 16 2797 722 2894; baseline -0.014 -36"><span class='ocrx_word' id='word_1_272' title='bbox 16 2869 20 2873; x_wconf 38' lang='grc'>,</span> <span class='ocrx_word' id='word_1_273' title='bbox 59 2803 251 2876; x_wconf 52' lang='lat' dir='ltr'>excotex,</span> <span class='ocrx_word' id='word_1_274' title='bbox 403 2879 404 2882; x_wconf 8' lang='grc' dir='ltr'><strong>Ἴ</strong></span> <span class='ocrx_word' id='word_1_275' title='bbox 538 2853 541 2858; x_wconf 72' lang='lat'>,</span> <span class='ocrx_word' id='word_1_276' title='bbox 620 2797 644 2849; x_wconf 85' lang='lat' dir='ltr'><strong>F</strong></span> <span class='ocrx_word' id='word_1_277' title='bbox 694 2829 722 2894; x_wconf 56' lang='lat'>=⁸</span> 
     </span>
    </p>
   </div>
   <div class='ocr_carea' id='block_1_10' title="bbox 0 0 1046 3025">
    <p class='ocr_par' dir='ltr' id='par_1_11' title="bbox 0 0 1046 3025">
     <span class='ocr_line' id='line_1_40' title="bbox 0 0 1046 3025; baseline 0 8"><span class='ocrx_word' id='word_1_278' title='bbox 0 0 1046 3025; x_wconf 95' lang='lat' dir='ltr'> </span> 
     </span>
    </p>
   </div>
  </div>
 </body>
</html>
