2084 3025
252 78 331 144 LlB.
349 79 386 132 11.
424 80 508 133 cul).
526 81 553 134 o.
569 83 596 135 7.
797 79 830 135 61
915 25 920 44 Ι

43 180 164 236 lonicum
175 182 307 235 sollertia
316 200 378 236 csse
387 185 509 252 aliquam
520 192 690 248 mentemet
702 200 765 239 cam
776 186 836 254 qul·

44 251 84 305 iou
95 254 235 306 aeriorem
247 259 276 306 et
286 253 418 318 divinam,
429 258 592 310 existimare
604 256 746 310 debemus.
758 255 835 310 Unde

45 324 93 377 orior
106 325 180 378 banc
192 322 274 377 borno
284 325 426 393 arripuit?
442 335 474 380 ut
485 327 526 379 nit
538 327 611 396 apud
620 325 835 397 Xenophontem

45 391 165 447 Socrates.
203 395 280 456 Quin
290 402 320 447 et
330 394 484 461 humorem,
496 404 525 451 et
536 399 667 461 calorem,
682 399 730 467 qui
740 406 784 450 est
794 396 836 449 iu·

44 478 74 515 ooo
83 466 251 532 incorpore,
272 473 301 517 et
311 471 451 520 terrenam
461 469 551 536 ipsam
562 470 700 521 siccorum
709 468 838 530 solidita·

44 539 91 599 tou,
102 537 229 589 animum
242 535 362 604 denique
372 538 452 591 illum
463 539 635 606 spirabilem,
645 539 670 590 si
680 539 742 607 quis
753 552 837 606 quae·

43 611 84 667 nt,
103 605 177 658 unde
197 603 365 672 habeamus,
386 609 513 678 appnret:
537 609 610 677 quod
632 609 709 661 aliud
726 617 838 661 eterra

43 677 202 742 oourpsimus,
216 676 294 727 alind
306 679 340 730 ab
351 677 475 743 humore,
492 679 570 732 aliud
582 679 617 732 ab
627 679 700 746 igne,
710 678 788 731 aliud
801 677 837 734 ab

43 749 92 797 cire
102 761 144 808 eo,
155 761 240 812 quem
251 748 351 815 spiritu
357 745 495 802 ducimus:
506 749 578 802 illud
589 757 690 811 antem,
701 747 837 817 quodrin·

43 805 71 866 δὲ
80 815 143 867 haec
154 817 260 880 omnia,
280 818 418 873 rationem
430 821 502 884 dico,
521 828 557 882 et,
571 820 596 872 si
606 820 699 886 placet
710 818 837 883 pluribus

40 886 125 949 erbis,
146 893 280 950 mentem,
302 890 463 953 consilium,
483 890 701 958 cogitationem,
721 886 838 955 pruden-

41 955 108 1018 tiam,
122 958 173 1008 nbi
189 957 363 1010 invenimusi
384 958 458 1012 uude
468 959 654 1012 sustulimusl
691 959 732 1010 Ao
743 964 839 1010 cetere

40 1026 143 1077 nundus
152 1025 270 1079 habebit
281 1028 384 1092 omnia,
403 1027 457 1081 hoc
466 1045 561 1093 uuum,
577 1028 649 1097 quod
661 1027 773 1096 plurimi
785 1034 838 1089 est,

40 1111 81 1148 oon
89 1095 223 1148 habebitt
239 1099 324 1165 Atqui
335 1107 411 1152 certe
420 1099 492 1152 nihil
502 1100 626 1153 omnium
636 1114 729 1152 rerum
739 1099 839 1150 niellus

40 1167 193 1228 aimundo,
206 1166 279 1218 nihil
289 1167 501 1236 praestabilius,
522 1168 592 1221 nihil
607 1166 765 1237 pulchrius:
788 1181 840 1218 nec

39 1236 118 1287 ulum
132 1236 207 1288 nihil
223 1243 280 1301 est,
306 1239 405 1292 sedne
422 1241 544 1308 cogitari
559 1240 670 1308 quidem
687 1237 839 1306 quidquam

38 1307 131 1359 uellus
144 1313 251 1374 potest.
288 1308 334 1370 Et,
350 1311 376 1360 si
389 1311 500 1363 ratione
515 1316 545 1363 et
561 1310 699 1378 sapientia
715 1305 786 1359 nihil
796 1311 841 1360 cst

37 1378 138 1440 melius,
149 1392 267 1429 neeesse
278 1383 321 1430 cst
330 1376 400 1432 haee
409 1380 501 1433 inesse
511 1381 541 1431 iu
552 1397 600 1444 eo,
619 1378 692 1448 quod
704 1378 841 1445 optimum

37 1461 90 1499 osse
102 1447 292 1500 concedimus.
330 1446 372 1502 1o.
392 1451 467 1512 Quid
477 1450 561 1503 reret
580 1457 661 1502 tauta
672 1463 765 1500 rerum
778 1461 841 1498 con·

37 1520 158 1581 sentiens,
179 1519 351 1585 conspirans,
368 1522 531 1573 continuata
543 1519 683 1589 coguatio,
693 1534 773 1585 quem
785 1531 842 1568 nou

38 1596 119 1656 ooget,
131 1605 173 1652 ea,
184 1605 257 1656 qnae
267 1590 396 1642 dicuutur
406 1608 424 1643 a
433 1608 488 1654 me,
500 1586 703 1657 comprobaret
731 1587 841 1638 Posset·

37 1674 64 1710 oe
72 1675 127 1711 uno
138 1665 267 1726 tempore
278 1659 391 1724 florere,
411 1661 512 1713 deinde
521 1660 647 1712 vicissim
663 1650 842 1709 horrere'ter·

37 1729 78 1780 tal
92 1736 150 1794 aut,
161 1737 207 1781 tot
216 1731 301 1783 rebus
311 1731 379 1798 ipsis
390 1748 421 1784 se
431 1731 657 1791 immutantibus,
669 1726 738 1778 solis
749 1741 841 1779 acces·
909 1788 913 1797 .

37 1814 78 1850 ms
92 1801 290 1867 discessusque
305 1801 438 1855 solstitiis
450 1802 614 1867 brumisque
626 1798 771 1866 cognosci3
791 1800 841 1849 ant

38 1876 123 1922 cestus
132 1871 280 1933 maritimi,
299 1870 490 1937 fretorumque
502 1871 650 1938 angustiae
661 1872 724 1920 ortu
735 1875 784 1920 aut
793 1870 841 1920 ob·

37 1939 72 1989 itu
81 1940 164 1993 lunae
175 1941 364 1993 commoverit
377 1947 426 1992 aut
435 1957 492 1991 una
502 1942 590 1991 totius
602 1938 674 1992 coeli
684 1939 842 1991 couversio-

38 2024 66 2060 ue
78 2026 176 2062 correus
193 2010 336 2063 astrorum
353 2011 479 2078 dispares
493 2004 669 2062 conservarit
705 2009 785 2062 llaec
799 2010 843 2062 itu

38 2079 91 2131 fieri
104 2081 237 2133 omnibus
253 2082 327 2134 inter
337 2096 366 2133 se
378 2081 588 2132 concinentibus
602 2081 701 2134 mundi
716 2081 841 2148 partibus

38 2150 155 2214 proiecto
165 2167 223 2202 noo
233 2156 356 2218 possent,
376 2151 431 2202 nisi
441 2166 476 2202 ea
486 2167 542 2202 nno
554 2150 648 2202 divino
660 2158 688 2205 et
699 2152 842 2204 continua·

39 2228 61 2269 to
71 2222 172 2288 spiritu
183 2222 402 2274 continerentur.
437 2221 482 2273 20.
500 2223 589 2288 Atque
598 2219 670 2275 haec
683 2237 767 2290 quum
779 2221 843 2271 ubo-

40 2291 89 2342 rius
98 2292 281 2358 disputantur
292 2298 321 2342 et
332 2289 436 2354 fusius,
452 2298 485 2342 ut
494 2290 562 2342 mibi
572 2297 616 2343 est
623 2292 653 2342 in
663 2292 757 2345 animo
770 2290 842 2343 saoc-

41 2373 75 2424 re,
98 2362 215 2427 lucilius
244 2360 383 2429 effugiunt
406 2361 637 2413 Academicorum
663 2360 843 2414 calumniam.

19 2452 20 2483 1
42 2430 118 2492 luam
131 2439 238 2493 autem,
250 2437 283 2482 ut
293 2433 369 2485 Zeno
379 2432 498 2493 solebat,
515 2430 630 2483 brevius
642 2430 844 2497 angustiusque

19 2498 20 2519 ³
44 2503 248 2554 concluduntur:
269 2509 330 2553 tum
345 2502 489 2568 apertiora
504 2508 570 2552 sunt
587 2500 624 2552 ad
642 2495 846 2567 reprehenden-

44 2568 102 2623 dum.
139 2572 215 2623 Nam
226 2577 257 2622 ut
268 2570 409 2639 profluens
420 2571 509 2623 amnis
521 2576 571 2622 nut
580 2571 629 2620 vix
638 2575 688 2619 aut
699 2565 777 2644 nullo
789 2576 847 2623 mo·

44 2638 76 2705 io,
86 2643 223 2697 conclusa
233 2648 328 2697 summ
338 2657 412 2710 aqun
421 2642 505 2693 iacile
517 2640 719 2705 corrumpitur:
734 2647 775 2684 ⁸10
786 2644 847 2681 orn·
