2084 3025
259 112 585 199 co'usons'rro.
633 156 636 167 ·
774 148 854 203 ua·

14 254 74 312 §eu
89 264 142 305 nos
160 249 339 319 philosophia
353 249 487 302 adiersus
498 264 594 302 omnes
608 251 654 303 vel
670 257 828 319 temporum
896 252 899 257 ’

14 327 63 379 rel
83 325 214 377 fortunae
224 321 269 372 rel
288 327 405 372 naturae
419 321 538 372 insidias
550 322 682 373 munivit:
704 338 773 389 quae
788 325 829 374 ita

13 394 104 447 r'ortis
121 399 177 454 est,
197 397 229 442 ut
244 391 347 441 nullius
363 391 484 442 iniuriae
499 391 634 457 impetum
649 393 828 443 extimescat:

13 474 56 516 ‚ta
70 463 144 514 lenis
157 467 185 513 et
197 461 302 522 suavis,
323 466 354 511 ut
366 475 461 512 omnes
477 462 645 512 acerbitates
660 461 743 513 facile
756 462 829 512 miti·

13 541 67 603 get
82 548 116 583 ao
128 531 253 593 molliat:
274 531 315 581 ita
324 530 433 581 denium
444 531 523 582 utilis
534 537 563 581 et
573 530 729 593 fructuosa,
744 537 776 581 ut
787 538 830 582 to·

13 620 79 657 :am
91 617 122 652 se
133 600 169 651 ad
185 599 320 651 humanas
335 600 475 653 utilitates
489 601 686 653 liberalissime
702 592 830 667 porrigat

13 681 108 740 itque
119 670 248 737 explicet.
285 668 344 722 Nee
359 686 425 721 vero
441 686 520 722 secus
533 670 624 723 debet.
660 673 739 734 Quae
756 671 830 721 enim

13 754 205 796 iumanarum
225 740 401 797 miseriarum
421 741 561 792 cumulum
583 742 689 807 optime
704 742 781 792 norit
801 747 831 791 et

13 810 185 867 acutissime
192 810 352 876 perspiciat,
363 810 387 860 si
395 826 442 863 eas
452 812 698 878 patiaturmanare
708 810 830 877 longius,

13 896 112 949 reque
122 878 235 941 homini,
255 895 381 932 maerore
392 880 530 943 confecto,
547 882 664 932 oonsilio
677 880 831 946 praesidio·

12 968 73 1024 que
85 965 138 1001 suo
149 956 261 1016 praesto
272 951 320 1001 sit:
334 949 400 1016 quid
411 950 461 1001 illo
472 951 617 1002 miseriusl
636 950 703 1017 quid
714 950 772 1001 vita
782 963 831 999 no·

12 1032 82 1077 stra
91 1019 263 1071 laboriosius
273 1019 467 1072 auttaetriust
480 1027 528 1071 aut
537 1019 604 1087 quid
614 1019 770 1086 prodesset,
782 1018 831 1070 arl-

12 1097 148 1164 spectum
161 1105 178 1141 a
193 1095 294 1141 natura
308 1088 345 1140 ad
365 1104 467 1157 supera
482 1097 606 1143 erectum
621 1089 777 1156 accepisse,
798 1094 831 1141 ut

12 1162 131 1217 saelum
144 1159 343 1224 contemplari,
355 1166 387 1210 ut
397 1159 520 1212 Deorum
534 1160 709 1211 niaiestatem
725 1158 831 1226 eogita-

12 1251 60 1297 ·e;
88 1236 138 1281 aut
148 1244 164 1280 u
175 1228 228 1280 diis
240 1229 445 1281 immortalibus
455 1237 576 1282 mentem
587 1236 616 1282 et
625 1229 778 1292 rationem,
798 1234 831 1278 ut

12 1301 105 1358 rtilia
117 1313 300 1366 cognoscere,
317 1297 436 1352 honesta
448 1316 466 1351 a
476 1300 604 1366 turpibus
615 1314 767 1360 secernere,
786 1306 844 1348 aet

12 1388 76 1444 qua
88 1369 235 1434 amplecti,
257 1370 291 1420 ab
302 1369 413 1436 iniquis
429 1371 569 1422 abstinere
580 1385 741 1435 possemus,
760 1380 832 1418 voce

11 1441 144 1507 lenique
154 1438 215 1504 ipsa
228 1443 257 1489 et
268 1439 394 1491 oratione
405 1438 482 1501 lrui,
494 1454 565 1505 quae
581 1440 666 1489 nullis
681 1437 831 1488 animanti·
864 1500 867 1505 .

11 1515 286 1571 suscenseant,
308 1524 415 1578 quaque
427 1509 528 1561 ueteris
539 1508 677 1571 omnibus,
696 1524 768 1575 quae
778 1507 830 1559 sub

11 1581 103 1641 :nelo
116 1585 194 1641 sunt,
214 1579 368 1630 viventium
385 1580 491 1630 naturis
507 1579 720 1632 antecellimusl
737 1578 833 1629 inania

11 1661 94 1709 liaeo
103 1648 195 1700 videri
206 1655 332 1715 possent,
352 1649 378 1699 si
394 1655 453 1700 tam
469 1649 564 1699 miritis
575 1665 609 1699 ex
621 1649 738 1700 adverso
751 1648 834 1698 mise·

11 1725 72 1779 riis
90 1733 226 1784 oppressa
246 1718 371 1769 heminis
386 1724 487 1769 natura
502 1733 592 1785 neque
608 1733 638 1769 se
651 1717 687 1769 ael
697 1717 834 1768 caelestia

11 1794 148 1858 erigere,
168 1803 218 1839 nee
228 1789 317 1840 tantis
328 1788 421 1848 bonis,
442 1788 543 1854 quibus
560 1788 668 1850 maiora
683 1786 761 1836 nulla
772 1800 833 1848 esse

11 1864 192 1936 potuerunt,
205 1858 249 1908 uti
259 1851 361 1924 posset.
398 1854 452 1908 Sed
464 1856 605 1923 profecto,
625 1860 657 1906 ut
669 1861 767 1907 eontra
776 1870 835 1906 ser·

11 1930 153 2006 pentium
166 1928 243 1978 virus
263 1925 475 1994 pharmacorum
496 1941 600 1993 genera
616 1925 717 1987 multa,
736 1931 835 1976 contra

11 2000 139 2069 inopiae
160 1998 347 2048 calamitatem
368 1996 496 2047 sollertia
513 2003 542 2048 et
560 1994 716 2058 industria,
737 2002 844 2046 eontra

11 2067 209 2137 turpitudinis
230 2067 402 2131 voluptatem
428 2065 518 2132 purior
540 2071 568 2116 et
589 2064 771 2130 verecundia;
792 2066 835 2116 sio

11 2145 126 2200 contra
139 2137 246 2188 doloris
262 2150 383 2185 morsum
405 2133 587 2202 philosophia
606 2135 687 2187 nobis
703 2136 769 2187 data
789 2142 835 2187 est

11 2220 150 2270 Deorum
160 2204 361 2257 immortalium
373 2219 505 2257 ceiieossu
515 2211 599 2272 atque
609 2215 731 2257 munere.
744 2206 835 2267 Quam

11 2292 48 2341 ut
62 2292 151 2332 neme
163 2278 233 2327 satis
244 2290 294 2341 pro
307 2274 445 2341 (lignitate
456 2275 574 2326 laudare
585 2282 680 2341 queat,
699 2276 836 2342 alequam

11 2346 142 2426 plurimi
161 2346 262 2398 mentis
284 2344 533 2410 tranquillitatem,
560 2346 646 2395 animi
663 2345 837 2396 moderatio-

11 2435 97 2481 nem,
115 2416 145 2467 in
156 2416 316 2481 voluptates
326 2414 482 2480 imperium,
503 2415 532 2465 in
543 2414 645 2470 acerba
657 2416 750 2466 omnia
760 2429 836 2465 sum·
848 2423 851 2428 ⁴

11 2505 98 2549 niam
106 2484 317 2553 quamdamvim
329 2499 362 2535 ae
372 2483 565 2535 fortitudinem
577 2485 620 2534 illi
632 2485 679 2535 uni
691 2489 837 2550 aeoeptam

11 2561 153 2619 referant
161 2570 274 2607 neeesse
285 2559 336 2604 est.
355 2553 452 2619 Neque
462 2570 512 2605 nos
524 2560 572 2605 aut
582 2554 611 2604 in
621 2553 720 2606 exsilio
731 2554 838 2619 patien·
849 2561 852 2566 ’

11 2643 79 2691 tes,
103 2633 154 2688 aut
174 2627 204 2676 in
221 2622 359 2675 honorum
375 2637 458 2675 eursu
474 2629 661 2689 temperantes
676 2624 837 2682 fuissemus,

12 2706 77 2758 aut
90 2711 165 2751 nune
180 2696 211 2746 in
225 2700 304 2748 tauto
316 2707 445 2747 maerore
458 2694 600 2763 sapienter
615 2701 644 2747 et
654 2693 769 2749 fortiter
779 2705 829 2744 rer
