2084 3025
229 111 286 165 DE
303 110 499 165 AMICITIA
516 109 602 164 CAP.
618 109 644 165 3.
657 110 685 164 4.
826 109 862 165 39

56 219 180 289 scriptis,
201 233 219 273 a
238 217 333 286 populi
349 216 469 269 Romani
483 217 567 271 sociis
583 223 612 270 et
625 215 748 279 Latinis,
767 215 861 284 pridie

56 308 136 360 quam
147 290 268 342 excessit
279 305 294 340 e
306 288 380 338 vitaz
391 294 423 338 ut
434 303 468 340 ex
478 294 536 339 tam
548 288 607 339 alto
619 287 765 357 dignitatis
770 286 862 356 gradu

36 394 47 409 ιι
56 363 93 414 ad
105 375 224 428 superos
234 359 363 411 videatur
375 358 483 425 potius,
504 373 587 425 quam
603 358 638 409 ad
649 356 755 410 inferos
766 373 862 425 perre-

54 433 138 485 nisse.
174 428 223 481 IV.
243 426 284 480 13.
303 427 400 495 Neque
416 428 489 480 enim
505 428 645 480 assentior
656 429 707 490 iis,
729 428 777 494 qui
793 426 862 480 haec

54 515 142 567 nuper
148 499 286 551 disserere
297 504 458 565 coeperunt,
466 514 527 549 cum
539 499 702 566 corporibus
714 498 796 549 simul
805 497 863 549 ani·

54 582 115 622 mos
125 569 255 630 interire,
275 575 358 635 atque
370 569 464 619 omnia
475 575 566 621 morte
578 567 674 620 deleri.
710 567 777 618 Plus
789 565 862 635 apud

55 657 99 692 me
111 640 287 706 antiquorum
299 639 454 691 auctoritas
464 639 555 700 valet,
575 638 621 689 vel
636 644 794 689 nostrorum
805 652 863 688 ma·

54 712 159 770 iorum,
183 709 232 776 qui
252 708 370 760 mortuis
386 715 446 760 tam
466 709 600 775 religiosa
614 708 677 760 iura
691 707 864 759 tribuerunte

55 779 130 848 quod
139 793 196 830 non
207 779 339 833 fecissent
351 777 490 846 protecto,
500 779 525 829 si
534 776 604 829 nihil
615 777 650 828 ad
662 794 711 829 cos
722 776 864 844 pertinere

56 851 272 903 arbitrarentur:
293 850 338 901 rel
349 863 459 912 eorum,
482 849 573 916 quiin
588 845 643 899 hac
653 854 730 900 terra
741 847 864 910 fuerunt,

54 934 238 986 magnamquc
247 919 481 987 Graeciam,quoe
493 933 565 970 nunc
576 917 685 985 quidem
698 917 794 969 deleta
805 923 864 979 cst3

52 997 113 1042 tum
123 987 250 1050 florebat,
266 989 402 1040 institutis
414 996 442 1040 et
454 989 610 1056 praeceptis
620 989 679 1040 suis
690 987 864 1041 erudierunt:

52 1060 100 1112 rel
111 1060 178 1120 eius,
199 1059 247 1126 qui
256 1059 395 1126 Apollinis
407 1059 521 1110 oraculo
532 1060 758 1125 sapientissimus
770 1064 813 1110 est
822 1057 865 1107 iu·

53 1129 177 1182 dicatus:
200 1129 247 1195 qui
256 1145 312 1181 non
322 1135 381 1179 tum
391 1128 452 1192 hoo,
462 1136 519 1181 tum
532 1131 614 1192 iliud,
624 1135 655 1181 ut
666 1130 802 1196 plerique,
813 1125 864 1179 scd

50 1200 127 1252 idem
143 1197 254 1251 dicebat
269 1214 390 1266 semper,
409 1199 521 1252 Aaioios
536 1200 673 1252 bornicum
684 1216 737 1252 este
749 1199 863 1261 divinoe,

50 1270 148 1337 iisque,
162 1285 242 1337 quum
253 1285 266 1322 e
277 1286 391 1338 corpore
400 1270 584 1332 excessissent,
591 1268 708 1322 reditum
720 1270 865 1322 incutiam

45 1349 167 1411 paterer
191 1339 343 1409 optimoque
364 1349 391 1392 et
410 1340 558 1392 iustissimo
577 1339 673 1406 cuique
694 1337 864 1407 expeditissi-

50 1426 133 1463 mum.
170 1404 214 1460 14.
234 1406 316 1471 Quod
331 1411 400 1462 item
416 1408 541 1477 Salpioni
555 1410 718 1462 videbatur:
740 1409 789 1476 qui
805 1409 864 1476 qui·

50 1480 126 1543 dem,
146 1480 227 1546 quasi
238 1481 419 1550 praesagiret,
440 1482 586 1549 perpaucis
599 1486 664 1533 ante
676 1486 795 1531 mortem
807 1478 865 1531 die·

48 1552 113 1613 bus,
123 1565 207 1616 quum
219 1557 247 1603 ct
258 1551 355 1603 Philus
367 1558 395 1603 et
405 1547 541 1604 Manilius
552 1551 690 1613 adessent,
702 1557 730 1602 et
742 1550 792 1601 alii
803 1550 864 1617 plu·

47 1636 107 1682 res,
117 1626 204 1685 tuque
216 1620 461 1684 etiam‚Scaevola,
472 1637 581 1673 mecum
592 1622 725 1684 venisses,
736 1620 864 1671 triduum

49 1689 190 1741 disseruit
205 1691 240 1743 de
255 1691 413 1759 republica:
435 1691 731 1759 cuiusldisputationis
748 1689 803 1742 fuit
819 1704 864 1741 ex·

48 1765 174 1812 tremum
185 1758 245 1813 fere
254 1762 288 1813 de
298 1762 509 1815 immortalitate
522 1762 690 1814 animorum:
714 1776 784 1829 quac
794 1776 825 1812 se
835 1759 865 1810 in

48 1830 149 1897 quiete
161 1844 210 1895 per
223 1831 312 1882 visum
325 1843 360 1882 ex
368 1830 501 1883 Africano
513 1832 625 1884 audisse
637 1832 758 1885 dicebat.
795 1830 826 1882 Id
839 1829 864 1881 si

44 1900 91 1950 ita
104 1905 159 1962 est,
170 1905 200 1949 ut
212 1900 311 1967 optimi
319 1901 456 1968 ,cuiusque
467 1902 577 1953 unimus
586 1902 616 1953 in
627 1909 717 1954 morte
728 1901 867 1953 facillime

45 1969 155 2029 evolet,
167 1974 309 2039 tamquam
321 1989 336 2023 e
347 1972 475 2022 custodia
485 1971 657 2038 vinculisque
668 1973 807 2040 corporis:
819 1969 863 2021 eui

46 2053 199 2090 censemus
215 2056 325 2091 cursum
345 2042 381 2093 ad
393 2041 469 2093 Deos
485 2040 644 2093 faciliorem
654 2042 756 2105 fuisse,
778 2056 863 2110 quam

44 2107 196 2175 Scipioni'i
208 2110 353 2172 Quocirca,
364 2126 490 2164 maerere
501 2110 554 2163 hoc
565 2112 625 2163 eius
636 2121 745 2175 eventu,
755 2124 863 2172 vercor,
930 2133 939 2138 ·

42 2194 80 2230 ne
95 2177 190 2228 invidi
199 2180 302 2247 magis,
323 2195 404 2246 quam
416 2182 500 2233 amici
513 2182 557 2232 sit.
594 2180 643 2233 Sin
655 2188 746 2234 autem
758 2181 808 2232 illa
818 2196 863 2231 ve·

42 2248 142 2309 riora,
164 2253 197 2298 ut
211 2248 286 2301 idem
303 2251 435 2301 interitus
451 2252 489 2301 sit
499 2251 654 2302 animorum
666 2261 694 2304 et
705 2266 864 2318 corporum,

41 2333 98 2369 nec
110 2317 190 2368 ullus
206 2334 303 2370 sensus
313 2327 425 2371 uruneat
434 2337 450 2383 ;x
461 2326 491 2371 ut
508 2319 579 2372 nibil
588 2322 655 2373 boni
667 2329 710 2374 est
720 2320 749 2371 in
759 2326 862 2380 morte,

40 2388 85 2439 sie
104 2393 186 2439 certe
201 2386 270 2439 nihil
288 2388 365 2441 mali.
402 2388 489 2441 Sensu
505 2391 577 2441 enim
595 2391 711 2452 amisso,
733 2390 859 2449 titidem,

40 2458 129 2523 quasi
140 2463 226 2508 natus
234 2474 293 2509 nou
309 2464 383 2511 esset
394 2459 520 2515 omniuo:
544 2475 624 2527 quem
635 2466 730 2510 tamen
741 2473 801 2509 esse
812 2473 859 2506 na·

38 2532 105 2576 turn
117 2532 149 2578 et
161 2542 212 2578 nos
222 2528 383 2594 gaudemus,
400 2535 428 2582 et
440 2527 508 2581 haec
521 2530 629 2590 civitas,
650 2528 714 2577 dum
727 2528 790 2588 erit,
802 2525 860 2574 lae·

38 2596 165 2647 tabitur.
203 2593 245 2649 15.
264 2598 453 2658 Quamobrem
463 2614 527 2650 eum
537 2598 589 2648 illo
601 2596 722 2661 quidem,
733 2600 861 2658 utsupra
952 2647 958 2658 p

40 2663 121 2730 dlxi,
130 2671 227 2719 actum
238 2668 343 2735 optime
355 2675 411 2734 est,
421 2683 530 2722 mecum
540 2664 757 2717 incommodius:
778 2675 859 2729 quern
