2084 3025
229 101 236 107 ’
265 143 344 198 nra.
362 144 384 198 1.
421 144 505 199 cur.
526 143 569 200 ea.
587 143 631 199 ³4.
801 140 854 197 401

49 250 160 321 paribus
172 250 314 302 aetatibus
324 249 493 313 tribuuntur,
515 250 627 317 aliaque
637 253 703 300 sunt
713 248 855 311 iuvenum,

49 321 266 374 aliaseaiorum:
288 321 396 388 aliquid
413 322 497 373 etiarn
516 317 856 373 debaedistinctionedi·
913 322 924 328 ”
950 309 955 321 ’

48 392 162 445 seudum
173 398 225 443 est.
262 390 314 441 Est
330 391 417 457 igitur
432 390 634 453 adolescentis,
654 390 775 441 maiores
786 393 855 438 natu

48 462 146 522 uereri,
165 475 256 528 exque
267 460 311 512 his
324 460 447 528 deligere
458 461 580 527 optimos
592 467 620 512 et
631 459 855 527 probatissimos,

50 545 166 599 quorum
175 530 699 597 eondlioatqueauetoritateuitatur.
733 526 856 580 ineuntis

50 601 122 652 enim
132 601 236 651 aetatis
247 601 369 661 inscitia,
380 615 475 652 senum
488 598 685 652 constituenda
695 604 724 649 et
734 595 858 663 regenda

45 669 261 736 prudentiaest.
297 669 420 722 Maxime
430 676 523 722 autem
535 668 604 720 haec
615 675 694 721 aetas
709 663 858 717 alibidioi-

49 738 101 789 bus
118 739 241 788 arcenda
256 746 312 798 est,
334 740 541 807 exercendaque
555 740 586 789 in
599 739 699 789 ‘labore
710 735 858 803 patientia·

45 822 103 874 que
116 812 147 857 et
162 806 248 855 animi
265 812 293 857 et
308 803 447 872 corporis:
468 816 607 861 uteorum
619 815 648 859 et
662 808 691 857 in
703 805 815 857 bellicis
830 811 860 856 et

50 877 79 927 in
99 874 230 926 civilibus
251 875 349 927 officiis
370 877 465 942 rigeat
484 876 633 928 industria.
668 878 758 943 Atque
772 874 860 926 etiam

51 961 133 1013 quum
147 944 277 997 relaxare
293 945 399 997 animos
411 953 440 998 et
451 946 519 997 dare
533 961 564 998 se
574 945 742 998 iucunditati
755 945 861 1008 volent,

49 1020 170 1067 careant
191 1015 448 1082 intemperantiam,
469 1016 646 1068 meminerint
661 1012 860 1077 verecundiam

48 1085 126 1152 quod
136 1085 194 1135 erit
202 1084 321 1147 facilius,
335 1086 360 1136 si
369 1086 399 1136 in
409 1085 547 1138 eiusmodi
558 1085 698 1155 [quidem]
708 1085 792 1138 rebus
802 1098 860 1135 ma·

49 1155 125 1206 iores
140 1161 208 1205 natu
223 1156 357 1208 interesse
373 1155 467 1207 velint.
504 1154 563 1208 123.
583 1155 698 1209 Senibus
715 1161 808 1207 autern
820 1154 860 1205 la·

49 1224 271 1290 borescorporls
281 1226 431 1287 annuendi,
451 1228 668 1282 exercitationes
679 1225 766 1276 animi
776 1224 862 1276 etiam

49 1294 195 1361 augendae
205 1295 351 1361 ridentum
371 1296 540 1349 dandavero
552 1311 647 1363 opera,
664 1301 697 1346 ut
707 1301 736 1347 et
747 1295 861 1354 amicos,

51 1372 80 1419 et
94 1366 280 1427 iuventutem,
301 1372 329 1417 et
340 1367 461 1417 merione
475 1367 678 1433 rempublicam
698 1364 815 1414 consilio
833 1369 863 1414 et

49 1434 204 1504 prudentia
223 1450 306 1502 quarn
328 1436 476 1504 plurimum
497 1437 640 1489 adiuvent.
677 1431 756 1486 Nihil
769 1438 864 1483 autem

49 1506 147 1576 magis
161 1506 315 1559 carendum
327 1511 370 1559 est
381 1510 533 1571 senectuti,
553 1522 636 1575 quam
647 1522 682 1557 nc
692 1501 822 1571 languori
833 1516 864 1554 se

51 1577 231 1643 desidiaeque
243 1577 335 1630 dedat.
357 1612 359 1617 >
372 1577 499 1630 Luxuria
514 1591 581 1629 vero
594 1591 676 1644 quum
689 1574 764 1625 omni
776 1571 866 1623 aetati

49 1648 159 1717 turpis,
180 1654 240 1698 tun
250 1649 390 1701 beneetuti
401 1647 567 1700 foedissima
577 1652 629 1698 est.
666 1644 715 1697 Sin
727 1649 821 1695 autem
832 1641 866 1692 li·

49 1717 181 1771 bidinum
192 1719 278 1769 etiam
290 1719 508 1785 intemperantia
520 1716 681 1777 accesserit,
696 1714 800 1780 duplex
809 1727 866 1763 ma·

49 1788 110 1840 lum
127 1793 185 1852 cet3
207 1787 280 1855 qued
296 1795 325 1839 ct
334 1789 396 1855 ipsu
410 1796 539 1841 senectus
550 1787 672 1854 concipit
684 1784 816 1844 dedecus,
836 1788 864 1835 et
878 1796 890 1809 “

49 1857 125 1910 facit
135 1857 355 1910 adolescentium
366 1859 599 1927 impudentiorem
611 1854 863 1922 intemperantiam.

49 1926 113 1980 124.
132 1929 174 1980 Ae
189 1928 310 1980 ne-illud
324 1929 435 1996 quidem
450 1930 572 1982 alienum
589 1934 646 1990 est,
666 1926 701 1978 de
717 1924 865 1992 magistra·

47 2004 141 2061 tuum,
147 1997 182 2049 de
191 2000 369 2065 ¹privatorum
379 2000 490 2062 civium,
496 1999 532 2053 de
541 1998 750 2067 peregrinorum
764 1993 863 2046 officiis

48 2068 155 2119 dicere.
192 2069 245 2118 Est
255 2069 344 2136 igitur
353 2071 495 2138 proprium
506 2084 605 2120 munus
616 2067 808 2134 magistratus,
823 2062 864 2113 in·

48 2138 199 2205 telligere,
220 2154 250 2189 se
270 2154 368 2206 gerere
382 2154 531 2207 personam
548 2139 686 2199 civitatis,
709 2135 864 2200 debereque

48 2209 111 2260 eius
121 2207 293 2275 dignitatern
304 2215 333 2261 et
341 2210 427 2262 decue
438 2210 585 2270 sustinere,
603 2222 715 2260 servare
726 2206 813 2275 leges,
823 2203 864 2253 iu·

47 2278 278 2341 radeseribere,
298 2294 333 2331 ea
353 2280 419 2333 fidei
438 2296 505 2333 suae
527 2279 676 2330 commisse
696 2273 863 2328 meminisse.

45 2347 198 2403 Privatum
214 2354 307 2401 autem
326 2357 438 2418 oportet
455 2365 543 2418 aequo
559 2355 588 2401 et
603 2348 665 2415 pari
679 2361 741 2397 eum
758 2344 864 2396 civibus

44 2420 111 2470 iure
120 2418 229 2481 vivere,
250 2434 338 2486 neque
348 2420 516 2472 submissum
527 2425 556 2471 et
566 2418 714 2478 abiectum,
735 2427 823 2479 neque
833 2425 865 2462 se

47 2488 229 2542 efferentem:
241 2491 333 2540 tumin
342 2491 489 2557 republica
499 2505 534 2542 ea
542 2489 624 2550 velle,
632 2501 702 2555 quae
713 2479 866 2560 tranquilla

47 2565 79 2611 et
99 2557 223 2609 honesta
237 2560 302 2613 sint.
339 2561 438 2613 Talem
455 2561 527 2612 enim
544 2567 572 2611 et
587 2558 692 2610 sentire
705 2554 810 2603 bonum
826 2564 862 2598 er·
899 2619 911 2625 “

48 2644 123 2690 rem,
135 2627 269 2681 etdicere
279 2631 410 2684 solemus.
448 2627 506 2683 125.
523 2627 667 2697 Peregrini
677 2628 771 2674 autem
781 2623 865 2685 atque

45 2698 166 2752 incolae
186 2697 307 2753 officium
329 2708 386 2765 est,
406 2701 476 2753 nihil
496 2705 609 2769 praeter
626 2709 706 2745 suum
721 2687 865 2757 negotium
899 2725 903 2731 .

85 2770 273 2824 creonlx
444 2768 451 2813 ζ
608 2765 656 2816 Ge
