2084 3025
161 115 214 170 seo
261 110 420 187 runem
438 110 688 166 rouusrusr.
707 108 743 178 n.
756 68 878 176 ωζ4ε.)

215 216 337 270 Inferior
349 217 445 284 paullo
457 222 499 269 est
508 216 599 279 Aries,
615 222 645 269 et
655 214 755 269 llanreu
768 212 805 266 ad
815 214 915 269 Austri

161 288 335 350 lueliuatior‚
346 293 431 354 atque
441 287 529 338 etiam
540 285 731 353 vehementius
743 285 795 335 illo
927 285 981 340 245

162 358 313 423 „Pisces,
363 372 442 408 orum
454 356 531 407 ulter
538 355 662 422 paullum
675 355 851 423 praelabitur
863 361 943 417 ante,

117 489 123 499 ¹
162 428 218 494 „ut
229 426 319 495 magis
349 425 474 478 orriferis
484 426 630 492 Aquilonis
640 427 766 494 tangitur
776 425 857 477 alis.“

161 496 251 566 Atque
262 495 362 548 borum
373 511 389 548 e
399 495 494 547 caudis
505 495 633 562 duplices
642 495 720 565 velut
731 511 792 547 esse
802 500 924 550 catenae

162 566 316 632 Dicuntur;
330 582 383 618 sua
393 566 520 618 diversae
531 580 581 632 per
592 565 696 617 lumina
706 571 829 632 serpunt,
1037 612 1038 621 ,

161 641 254 706 Atque
262 653 318 690 uua
327 634 441 689 tandem
452 635 483 686 in
493 634 579 689 stella
589 638 775 687 communiter
783 634 914 697 haerent,
924 640 981 693 ²50
1037 630 1039 703 ζ

161 708 253 771 Quem
264 713 372 760 veteres
383 705 463 758 soliti
474 706 624 758 caelestem
639 705 731 758 dicere
743 704 769 756 N
775 704 883 758 edum.

160 777 355 831 Andromedae
364 775 446 827 laevo
459 791 494 828 es
504 775 631 836 humero,
642 774 665 825 si
678 786 812 842 quaerere
822 790 941 844 perges,
1038 814 1039 821 κ

160 849 323 917 Appositum
334 846 440 914 poteris
452 861 537 913 supra
547 860 715 911 cognoscere
725 844 844 897 Piscem.

211 918 236 969 E
267 916 363 969 edibus
376 921 473 967 vatum
482 930 591 967 summo
602 921 684 967 natus
695 913 930 979 lorePerseus,

160 932 373 1051 Quoskumeris
382 986 486 1038 retinet
498 985 590 1038 defixo
603 999 722 1053 corpore
732 983 866 1037 Per-sense
923 985 975 1038 255

157 1053 976 1125 „QuemsummuabregioneAquilonistleminapulsant.“

159 1129 218 1181 ilie
227 1126 355 1179 dextram
365 1125 402 1177 ad
413 1125 494 1178 sedes
505 1125 627 1177 intendit
638 1125 818 1191 Cassiopeae,
851 1160 853 1165 ·

158 1197 347 1264 Diversosque
357 1194 453 1262 pedes,
461 1197 572 1247 vinctos
584 1195 722 1246 talaribus
733 1196 818 1262 aptis,

159 1266 373 1321 Pulverulentus
384 1265 428 1316 uti
438 1265 473 1317 de
482 1274 563 1319 terra
572 1264 663 1332 lapsu'
672 1272 786 1332 repente
809 1324 813 1333 s

159 1338 191 1391 ln
203 1337 311 1401 eaelum
322 1335 414 1386 vietor
424 1351 553 1405 magnum
565 1337 616 1387 sub
629 1335 748 1387 eulmine
759 1343 868 1403 portat.
921 1338 965 1391 260

211 1409 265 1470 „At
276 1422 326 1474 pro
347 1411 390 1463 ter
401 1405 512 1457 laevum
524 1420 611 1472 genus
622 1407 698 1457 omni
709 1421 744 1458 ex
754 1414 837 1473 parte
848 1410 956 1461 locatas

162 1476 312 1544 „Parras-
349 1475 882 1543 ergiliastenuicumiueeridebrs.“

159 1549 224 1601 liae
233 1553 342 1614 septem
351 1546 435 1613 vulgo
445 1545 627 1614 perhibentur
637 1538 841 1602 morevetusto

160 1618 277 1680 Stellae,
290 1623 442 1670 cernuntur
453 1631 519 1670 reru
531 1632 581 1667 sex
591 1615 713 1685 undique
724 1633 837 1685 parrae.

159 1692 195 1743 At
207 1703 262 1740 non
272 1687 415 1739 interiisse
427 1686 521 1754 putari
535 1687 663 1739 convenit
673 1703 770 1740 uuam:
920 1692 969 1747 265

159 1757 215 1813 Sed
226 1759 332 1810 frustra
343 1763 448 1809 temere
459 1773 477 1810 a
485 1756 571 1823 vulgo
584 1759 695 1810 ratione
705 1758 765 1811 sine
775 1756 838 1814 ulla

159 1828 272 1897 Septem
283 1827 380 1890 dicier,
388 1832 421 1878 ut
431 1833 542 1880 veteres
553 1833 679 1880 statuere
689 1833 802 1895 poetae,

156 1902 279 1956 Aeterno
290 1902 409 1951 cunctas
416 1913 485 1951 aero
497 1897 546 1964 qul
555 1898 667 1949 nomine
677 1898 804 1967 dignam,

158 1970 294 2038 Alcyone,
304 1969 484 2036 Meropeque,
497 1968 632 2033 Celaeno,
643 1968 836 2036 Taygeteque,

135 2035 138 2042 ’
156 2035 476 2106 Electrmsteropeque,
488 2037 573 2089 simul
582 2039 757 2091 sanctissima
767 2037 856 2091 blais.
917 2058 970 2110 270

156 2110 221 2165 Hae
232 2116 331 2162 tenues
341 2123 427 2176 parvo
438 2108 566 2162 labentes
576 2109 680 2161 lumine
691 2109 799 2162 lucent:

155 2183 336 2248 Atmaguum
347 2194 449 2232 nomen
458 2179 533 2248 signi
545 2178 704 2247 clarumque
714 2187 834 2233 vocatur

119 2315 126 2319 ,
156 2249 312 2317 Propterea
323 2247 398 2316 quod
410 2256 439 2301 et
448 2248 565 2302 aestatis
576 2249 729 2316 primordia
740 2251 844 2314 clarat,

156 2319 196 2372 Et
207 2325 279 2387 post,
290 2316 401 2371 hiberni
412 2319 603 2387 praependens
614 2321 749 2388 temporis
765 2327 855 2385 oron,

156 2388 303 2451 Admonet,
315 2393 348 2439 ut
359 2389 492 2441 mandent
502 2389 637 2443 mortales
648 2391 755 2443 semina
764 2392 859 2443 terris.
915 2389 967 2458 275

209 2455 418 2519 „lndeFides,
427 2457 530 2512 leviter
540 2461 634 2526 posita
644 2468 673 2514 et
683 2475 816 2523 convexa,
826 2457 967 2527 ridetur,“

154 2523 311 2577 Mercurius
322 2540 425 2592 parvus
436 2529 564 2594 manibus
576 2545 657 2597 quam
668 2530 770 2583 dieitur
778 2526 848 2584 elim

153 2591 274 2648 infirmis
285 2591 440 2649 fabricatus
452 2598 480 2649 ln
491 2599 551 2650 alta
561 2600 627 2653 sede
637 2602 760 2665 locasse3

154 2662 251 2725 „Quem
259 2677 348 2732 genus
360 2665 396 2717 ad
405 2665 517 2722 laevum
530 2669 597 2723 Nixi
608 2670 723 2741 delapsa
731 2669 844 2738 resedit,

714 2887 725 2918 Ι
755 2895 759 2916 r
