2084 3025
177 156 228 211 reo
262 132 264 137 ’
394 157 451 210 os
469 155 758 212 orurunrronn

64 308 67 315 ,
229 257 288 313 102
310 259 409 330 Neque
420 261 513 314 solnm
521 262 646 316 Deorum
660 278 745 315 voees
753 260 928 333 Pythagorei
937 263 988 317 oh·

84 362 90 370 ³
176 332 395 399 servitaverunt,
423 332 474 385 sed
497 333 585 385 etiam
612 332 767 397 hominum,
789 348 861 402 quae
881 342 990 387 vocant

87 420 113 432 -
179 402 281 452 omina
315 400 394 463 Quae
405 403 528 455 maiores
537 404 626 454 nostri
645 404 711 471 quia
720 402 815 456 valere
825 405 990 468 censebant,

177 471 286 523 idcirco
292 472 420 523 omnibus
425 473 508 524 rebus
514 473 638 540 agendis,
650 472 731 537 Quod
735 473 842 538 donum,
846 473 992 547 foraturia,

173 541 263 622 felix,
272 538 506 614 fortunatumque
516 553 599 607 emet,
616 543 826 611 praemiantur:
847 544 992 611 rebusque

179 610 289 674 divisus,
304 627 375 678 quae
387 613 497 678 publice
509 613 617 675 tierent,
631 614 800 687 rrtfaoereot
809 612 924 683 linguis,
936 614 992 664 im·

178 681 342 748 parabatur3
363 682 447 750 inque
458 682 538 736 feriis
549 683 729 750 imperandis,
745 682 882 736 stlitibus
893 692 922 735 et
930 683 993 735 ior·

175 749 233 821 giis
255 767 282 803 se
302 752 480 806 abstinerent.
517 754 642 821 Itemque
659 754 688 803 in
703 752 848 805 lustranda
866 753 993 816 colonia,

92 853 99 877 l
179 820 215 873 ab
226 835 269 885 eo,
289 823 336 888 qui
347 838 408 875 eam
420 822 584 888 deduceret3
605 829 633 875 et
644 838 728 890 quum
738 823 895 889 Imperator
906 837 990 874 exer·

147 888 153 893 “
178 893 279 954 eitum,
299 892 547 959 Censorpopulum
562 893 709 955 lustraret,
727 891 992 956 bonisnominibus,

178 960 226 1028 qui
236 960 344 1015 nostias
355 962 496 1025 ducerent,
508 963 691 1029 eligebantur.
724 960 806 1023 Quod
815 961 889 1012 idem
900 963 930 1012 in
941 960 992 1014 de·

178 1030 254 1082 lectu
266 1031 400 1083 Consules
411 1031 575 1095 o‘nservsnt,
596 1039 628 1083 ut
638 1032 744 1098 primus
756 1031 837 1083 miles
847 1031 899 1082 liat
910 1032 991 1082 bono

105 1135 119 1143 -
178 1099 298 1151 nomine.
335 1097 396 1154 103.
418 1103 496 1165 Quae
507 1100 619 1168 quidem
630 1117 647 1152 a
654 1109 685 1154 te
695 1101 749 1153 seis
759 1107 789 1154 et
799 1100 936 1164 Consule,
960 1107 993 1153 et

178 1170 350 1234 Imperatore
365 1185 473 1222 sunrma
488 1171 700 1238 religione'esse
712 1176 831 1223 servata
867 1170 991 1224 Praero-

180 1240 303 1306 gativam
319 1238 406 1290 etiam
420 1242 544 1292 mamres
559 1257 638 1293 omen
654 1242 791 1293 iustorum
807 1240 992 1292 comitiorum

180 1323 241 1361 esse
251 1308 410 1361 voluerunt.
446 1310 546 1362 XLVI.
561 1312 650 1377 Atque
661 1325 713 1378 ego
724 1309 853 1377 exempla
863 1310 993 1362 ominum

179 1385 247 1429 nota
257 1377 406 1445 proferam.
442 1380 475 1432 L.
488 1380 602 1431 Paullus
613 1381 716 1431 Consul
725 1380 836 1443 iterum,
856 1396 942 1447 quum
953 1380 993 1442 ei,

179 1447 284 1500 bellum
296 1450 328 1500 'ut
339 1465 400 1501 oum
411 1448 488 1520 Rege
498 1450 582 1503 Perse
594 1457 712 1517 gereret,
732 1449 892 1519 obtigisset:
912 1456 995 1507 ntea

179 1520 244 1586 ipsa
259 1519 304 1572 die
320 1520 432 1572 domum
449 1521 484 1573 ad
500 1536 645 1588 vesperam
659 1520 758 1593 rediit,
779 1520 896 1573 filiolam
908 1536 993 1573 suam

82 1628 92 1639 .
180 1590 320 1653 Tertiam,
340 1599 480 1658 quactum
495 1597 559 1643 erat
577 1591 724 1643 admodum
739 1606 837 1659 parva,
858 1589 996 1644 osculans

180 1660 379 1712 animadvertit
390 1661 567 1713 tristiculam.
597 1660 672 1725 Quid
682 1670 731 1725 est,
740 1661 838 1729 inquit,
848 1661 996 1714 mea->Ter-

180 1731 240 1782 tia?
259 1730 326 1797 quid
337 1730 426 1782 tristis
437 1732 482 1784 es!
503 1731 650 1799 Mipater,
670 1732 770 1799 inquit,
790 1726 996 1799 Persuperis't

180 1802 251 1850 'l'um
261 1800 311 1854 ille
322 1801 427 1853 arctius
437 1800 560 1867 puellum
572 1801 743 1867 complexus,
753 1800 872 1868 Accipio,
885 1801 995 1869 inquit,

181 1868 319 1940 woefflin,
340 1886 433 1931 ornem·
452 1877 513 1922 erat
523 1878 616 1942 autem
627 1877 752 1922 mortuus
763 1870 882 1923 catellus
894 1886 929 1923 eo
943 1888 996 1923 uu-

179 1939 263 1990 mine.
302 1936 361 1990 104.
376 1939 409 1991 L.
420 1939 567 2003 Flaccum,
585 1940 726 1993 flaminem
737 1941 914 2005 Martialem,
935 1956 994 2009 ego

139 2016 149 2030 ⁵
179 2007 283 2069 audivi,
295 2023 377 2076 quum
390 2009 503 2074 diceret,
514 2011 664 2063 Caeciliam
677 1992 797 2072 Metelli,
809 2026 892 2078 quum
902 2010 997 2064 vellet

179 2078 286 2130 sororis
297 2094 364 2131 suae
373 2081 462 2133 tilium
472 2084 502 2132 in
511 2081 718 2133 matrimonium
730 2080 877 2143 collocare,
894 2081 995 2134 exisse

179 2148 209 2198 in
220 2147 360 2214 quoddam
376 2152 509 2203 sacellum
525 2152 626 2203 ominis
638 2151 765 2218 capiendi
781 2166 892 2203 canusa:
914 2150 996 2218 quod

180 2217 242 2269 lieri
252 2232 329 2272 more
343 2226 467 2273 veterum
483 2222 602 2273 solebat.
639 2221 730 2282 Quum
745 2221 826 2289 virgo
838 2227 944 2283 staret,
964 2227 996 2273 et

181 2288 306 2339 caecilia
315 2289 343 2338 in
355 2289 427 2341 sella
435 2290 555 2353 sederet,
570 2306 658 2357 neque
670 2291 718 2343 diu
730 2290 852 2343 ullarox
865 2291 994 2343 exstitis-

180 2363 232 2419 set,
246 2358 368 2423 puollam
380 2358 566 2427 defatigatam
576 2361 692 2426 petiisse
704 2376 720 2412 a
732 2366 895 2423 matertera,
911 2367 945 2412 ut
957 2361 994 2412 si·

179 2426 211 2479 bi
222 2428 388 2480 concederet
398 2429 567 2496 paullisper,
589 2435 620 2480 ut
634 2430 663 2481 in
675 2430 734 2483 eius
745 2430 816 2482 sella
831 2432 993 2497 requiesce-

84 2524 92 2532 ·
180 2502 237 2549 ret:
254 2497 333 2549 illam
344 2505 437 2550 autem
448 2497 560 2561 dixisse,
581 2496 660 2562 Vero,
675 2516 734 2553 mea
741 2502 844 2569 puella,
865 2500 917 2552 riti
929 2518 996 2553 coa·

182 2566 245 2620 sedo
256 2583 328 2619 meus
338 2569 419 2621 sedes.
447 2567 528 2630 Quod
539 2583 620 2621 omen
629 2584 674 2620 rcs
685 2578 834 2623 consecuta
845 2576 900 2622 est,
924 2571 996 2638 lpsa

181 2634 255 2692 onim
266 2637 345 2689 brevi
355 2644 533 2702 mortuaest3
549 2637 627 2706 virgo
642 2644 735 2690 autem
746 2641 850 2707 nupsit,
865 2639 911 2692 cui
922 2643 998 2694 Cae·

143 2701 147 2724 ¹
182 2702 250 2756 cilia
264 2713 352 2774 nupta
367 2706 470 2762 iuerat.
505 2709 586 2761 Haeo
601 2722 683 2775 posse
699 2711 838 2762 contemni
847 2710 894 2763 rol
904 2711 997 2763 etiam
