2084 3025
246 100 403 186 sissia
439 131 524 207 esa.
542 129 643 188 :saa
798 131 851 190 tu

11 232 12 235 ¹
49 239 131 309 igitur
149 238 230 292 locus
250 235 305 288 suit
324 236 414 290 errari
431 236 572 289 Deorumi
586 235 664 290 Nem
682 236 852 304 patrimonia

49 326 95 376 spe
107 310 179 362 bene
191 305 321 360 tradendi
336 306 531 374 relinquimus:
552 322 607 374 qua
616 321 765 373 possumus
775 306 850 360 tuus

49 378 199 436 Deus,falli
216 383 264 445 qut
277 376 386 442 potuitt
405 378 446 428 Au
461 382 493 427 ut
510 375 573 439 Sol,
588 377 623 427 in
643 391 752 428 eurmm
767 392 851 447 quun

50 446 250 501 Phaethontem
261 447 350 496 hlium
361 447 487 497 sustulit:
503 454 553 498 aut
562 453 594 497 ut
602 446 755 512 Neptunus,
766 460 849 513 quum

49 515 170 569 Theseus
183 515 372 582 Hippolytum
393 515 528 581 perdidit,
549 531 631 583 quum
647 523 690 567 ter
704 515 819 582 optandi
832 532 850 569 a

51 585 267 653 Neptunopetre
282 584 425 636 habuisset
438 584 629 651 potestatem?
647 586 689 636 77.
700 585 849 637 Poetarum

51 654 188 707 istasunt:
205 670 255 705 nes
266 652 528 720 autemphilosophi
537 670 599 706 esse
609 653 746 716 volumus,
756 668 850 711 rerum

34 731 185 787 xauctores,
207 739 262 775 aon
281 724 449 775 fabularum.
484 724 575 791 Atque
589 724 612 773 ii
627 728 720 775 tamen
733 724 787 789 ipsi
802 724 850 775 Dii

53 787 148 859 poetici
157 795 183 844 si
195 793 322 855 scissent,
333 793 494 860 perniciosa
503 793 564 844 lere
574 792 627 843 illa
636 792 710 854 lillis,
720 808 850 858 peccasse

52 863 77 914 in
87 863 219 915 beneficio
224 869 404 929 putarentur.
440 863 487 924 Et,
499 863 526 913 si
535 876 631 914 aerum
643 868 696 925 est,
708 860 781 928 qued
791 862 851 913 Ari·

52 938 93 983 sto
102 931 185 984 Chius
198 930 291 985 dicere
301 932 532 993 solebatsnoeere
541 930 721 983 audientibus
730 929 850 997 phileso-

52 1000 115 1068 phos
125 1003 170 1063 iis,
180 1002 229 1069 qui
238 1001 309 1054 bene
319 1001 396 1053 diota
405 1000 480 1053 male
489 1001 754 1068 interpretarentur:
768 1015 850 1067 posse

52 1070 118 1122 emm
134 1076 233 1122 asotos
246 1084 282 1122 ex
294 1070 445 1138 aristippi,
465 1072 581 1122 aeerbos
596 1069 739 1121 eZenouis
753 1069 851 1123 schola

53 1141 133 1192 exire:
144 1155 267 1206 prorsus,
278 1140 310 1202 si,
321 1139 369 1206 qui
379 1138 533 1201 audierunt,
543 1138 640 1190 vitiosi
648 1140 850 1192 essentdisees·

53 1210 113 1272 suri,
128 1209 204 1277 quod
215 1223 345 1276 peruerse
353 1206 586 1275 vphilosophorum
597 1208 799 1275 disputationes
809 1210 850 1260 ia·

54 1283 280 1347 terpretamatur:
295 1284 390 1332 tacere
400 1283 558 1345 praestaret
567 1276 750 1344 philosophis,
766 1293 850 1346 quam

54 1347 92 1412 iis,
105 1350 153 1416 qui
162 1364 194 1399 se
206 1347 358 1410 audissent,
374 1363 481 1399 noema·
503 1390 506 1395 ,
518 1348 560 1399 78.
572 1347 626 1409 Sic,
636 1348 660 1398 si
670 1347 796 1400 homines
806 1363 849 1399 ra·

54 1419 172 1479 tionem,
192 1418 267 1468 bone
276 1417 399 1469 veosissilio
413 1432 433 1468 a
447 1416 509 1468 Dii:
522 1417 729 1469 immortalibus
744 1416 849 1480 datam,

53 1486 80 1538 in
89 1486 213 1539 fraudem
223 1488 415 1554 malitiamque
425 1493 601 1539 convertunt:
622 1501 677 1538 non
688 1485 748 1537 dari
759 1485 850 1550 illam,

54 1573 129 1623 quam
139 1558 201 1609 dari
209 1556 330 1610 humano
341 1557 438 1623 generi
452 1556 552 1609 melius
564 1555 627 1607 fuit.
663 1556 709 1617 Ut,
729 1556 753 1605 si
764 1555 851 1606 medi·

54 1641 96 1679 eus
104 1628 184 1688 sciat,
198 1642 260 1678 eum
272 1633 432 1693 aegrotum,
452 1627 501 1693 qui
509 1626 601 1677 iussus
610 1625 649 1675 sit
657 1625 751 1674 vinum
761 1638 850 1678 sume·

53 1710 88 1759 re,
102 1697 240 1747 meracius
251 1703 433 1762 suaspturum,
447 1695 599 1761 statimque
608 1693 776 1760 periturum:
793 1708 849 1748 ma·
923 1713 928 1726 ·

51 1778 100 1831 gua
109 1766 145 1820 sit
154 1766 184 1817 in
194 1765 288 1832 eulpa:
299 1767 443 1817 sic-vestra
452 1763 507 1816 ista
518 1763 695 1830 providentia
702 1760 849 1829 reprehen-

53 1833 146 1886 denda:
156 1849 229 1902 quae
239 1835 376 1887 rationem
388 1833 495 1888 dederit
503 1834 546 1895 iis,
556 1848 625 1903 ques
636 1833 733 1884 scierit
744 1848 777 1884 ea
788 1848 849 1899 pes·

53 1918 122 1957 verse
133 1911 161 1957 et
171 1904 297 1969 improbe
308 1918 414 1955 usuros.
451 1904 514 1955 Nisi
522 1904 597 1954 ferte
607 1902 709 1964 dicitis,
728 1918 789 1954 eam
803 1919 849 1956 ne·

54 1973 137 2025 scisse.
173 1973 287 2024 Utinam
307 1974 430 2040 quideml
454 1971 509 2025 Sed
529 1989 584 2023 non
604 1972 749 2025 audebitis.
786 1972 849 2025 Noa

55 2043 117 2092 eum
126 2044 236 2110 ignoro,
245 2044 345 2109 quanti
355 2045 415 2095 eius
426 2057 528 2094 nomen
539 2043 652 2108 putetis.

99 2112 212 2164 xxxii.
231 2113 273 2169 79.
289 2111 344 2164 Sed
363 2111 410 2166 hie
428 2110 543 2179 quidem
557 2112 635 2163 locus
650 2110 778 2163 concludi
791 2111 848 2163 iam

56 2187 149 2245 petest.
184 2181 256 2236 Nam
267 2180 293 2232 si
301 2182 432 2244 stultitia,
451 2195 586 2232 censensu
598 2181 717 2232 emnium
727 2180 848 2247 philoso-

55 2247 176 2369 phorum,
196 2251 289 2302 maius
301 2258 343 2302 est
357 2252 474 2313 malum,
492 2265 575 2317 quam
590 2250 614 2300 si
629 2251 724 2300 omnia
734 2251 807 2301 mala
818 2256 848 2301 et

67 2326 175 2372 nnuuae
193 2326 223 2373 et
236 2321 360 2387 corporis
379 2335 413 2373 ex
428 2321 517 2371 altera
538 2325 617 2385 parte
632 2326 782 2386 ponantur:
805 2333 848 2369 sa·

55 2389 180 2455 pientiam
193 2396 289 2442 autem
304 2405 384 2441 nemo
400 2389 571 2456 assequitur:
591 2388 620 2439 ia
634 2389 750 2438 summis
764 2387 848 2436 malis

56 2473 142 2512 amnes
157 2474 267 2521 sumus,
287 2460 386 2525 quibus
399 2474 449 2510 vos
465 2458 571 2525 optime
586 2456 744 2509 consultum
755 2469 773 2503 a
783 2452 847 2502 Diis

55 2526 253 2580 immortalibus
264 2528 368 2580 dicitis.
404 2528 477 2580 Nam
487 2534 518 2577 ut
528 2527 598 2577 nihil
606 2527 735 2583 interest,
756 2525 852 2569 utrum

54 2611 128 2650 remu
138 2599 245 2661 valeat,
266 2615 302 2649 an
312 2613 392 2649 nemo
402 2600 493 2665 possit
503 2597 614 2648 valere:
633 2594 674 2644 sic
683 2604 739 2640 nen
750 2586 853 2637 intelli·
933 2589 938 2600 “

56 2678 99 2733 8⁰:
118 2668 182 2735 quid
191 2669 318 2731 intersit,
338 2675 432 2719 utrum
443 2681 525 2719 neme
536 2663 705 2730 sitsapiens,
726 2670 762 2708 an
771 2668 853 2706 nemo
