2084 3025
207 89 241 148 to
385 87 442 144 nn
455 73 629 145 beroen
646 85 855 160 osonum

208 196 457 263 omnioregantur,
472 207 588 261 eumque
599 193 762 257 animalem,
779 191 899 247 evellere
909 207 943 248 ex
952 197 1019 250 oni·

207 268 260 319 mis
278 272 396 318 conatur
417 265 607 331 cognitionem
617 263 751 315 Deorum.
787 262 829 316 33.
847 266 1019 321 Aristoteles

207 335 363 403 quoque‘in
373 335 461 386 tertio
472 334 507 386 de
518 331 702 400 philosophia
718 333 792 384 libro
806 333 895 385 multa
909 337 1021 401 turbat,

209 405 384 472 nnragistro
402 403 521 455 Platone
541 403 597 454 nbn
619 401 797 455 dissentiens.
832 402 917 454 Modo
938 406 1021 457 enim

205 475 297 526 menti
316 473 417 524 tribuit
429 485 548 523 ’omnem
567 471 756 540 divinitatem:
777 472 864 523 modo
882 474 1022 526 mundum

206 544 302 611 ipsum
311 542 403 594 Deum
414 542 484 592 dicit
496 557 570 593 esse:
589 542 673 592 modo
683 541 829 608 quemdam
841 541 925 592 elium
935 557 1023 608 prae-

175 615 179 619 ’
208 614 269 665 neit
277 612 398 675 munim·
413 612 552 678 eique'eas
562 617 656 683 partes
666 611 778 672 tribuit,
790 616 822 661 ut
831 611 1022 677 replicatione

209 681 330 751 quadam
351 681 448 731 mundi
470 686 575 731 motum
595 685 677 748 regat
697 686 781 746 atque
798 685 923 730 tueatur:
953 688 1022 733 tum

211 751 281 805 coeli
294 750 422 803 ardorem
433 749 524 801 Deum
536 748 606 799 eicit
615 763 686 809 esse,
703 763 759 798 non
770 748 938 815 intelligens,
955 765 1021 802 eae

143 819 151 830 “
209 821 268 873 ium
276 819 372 871 mundi
382 833 442 871 esse
452 823 570 885 purtem,
582 832 662 884 quem
674 816 732 868 alio
743 817 807 868 loeo
816 818 878 884 ipse
889 817 1022 887 designa·

208 892 248 956 rit
257 890 357 942 Deum.
394 882 541 949 Quomodo
554 893 647 938 eutem
658 886 729 938 caeli
740 886 848 938 divinus
858 884 908 938 ille
919 903 1021 941 sensus

208 961 239 1011 in
251 960 396 1011 eeleritate
408 961 490 1008 tanto
499 957 659 1007 consonari
670 956 781 1024 potest?
802 956 850 1007 ubi
861 956 961 1010 deinde
973 959 1021 1011 illi

207 1035 254 1081 tot
263 1029 322 1090 Dii,
339 1030 365 1079 si
376 1041 552 1078 numeramus
564 1027 650 1081 etiam
662 1025 769 1077 eaelum
779 1024 889 1077 Deumi
925 1029 1020 1092 Quum

209 1104 307 1152 nutem
316 1099 376 1148 sine
387 1110 503 1162 corpore
513 1094 588 1146 idem
598 1096 659 1152 vult
669 1110 730 1147 esse
740 1095 839 1158 Deum,
851 1095 925 1145 omni
935 1097 1020 1150 illum

208 1168 396 1233 sensupriret
410 1172 440 1217 et
460 1165 617 1232 prudentia.
654 1163 715 1226 Quo
736 1179 819 1231 porro
835 1165 918 1215 modo
939 1180 1020 1218 mnn-

209 1237 274 1289 num
287 1250 408 1298 movere,
425 1247 521 1287 cerens
533 1249 663 1304 corpore-3
684 1233 892 1300 antummodo,
905 1250 1021 1303 semper

208 1320 376 1370 semovens,
395 1320 456 1357 esse
471 1305 581 1371 quietus
593 1303 625 1358 et
635 1303 735 1356 beatus
750 1303 860 1369 potest?
894 1303 938 1356 34.
956 1305 1021 1358 Nee

208 1391 277 1430 vero
296 1375 356 1426 eius
377 1374 585 1441 condiscipulus
601 1373 773 1442 Xenocrates
791 1370 894 1427 inshoe
914 1388 1021 1441 genere

207 1445 386 1516 prudentior:
405 1446 435 1496 in
450 1445 528 1497 euius
542 1445 635 1506 libris,
657 1444 778 1510 quisunt
788 1442 822 1494 de
832 1442 1021 1497 naturaDeo·

207 1530 278 1579 rum,
301 1516 378 1566 nulle
397 1517 506 1584 species
524 1514 619 1566 divine
638 1511 813 1571 describitur.
847 1514 924 1566 Deos
942 1516 1021 1566 enim

209 1592 274 1639 octo
286 1600 347 1639 esse
359 1586 440 1637 dieit:
463 1585 584 1652 quinque
596 1599 658 1647 eos,
678 1583 766 1650 quiin
776 1583 866 1635 stellis
878 1584 959 1650 vagis
971 1600 1021 1646 no·

207 1657 362 1709 minantum
382 1670 480 1718 unum,
491 1656 540 1722 qui
552 1669 586 1707 ex
597 1653 724 1706 omnibus
735 1652 883 1716 sideribus,
895 1669 968 1720 quae
979 1654 1021 1704 in·

206 1725 265 1778 ilxu
274 1726 353 1778 eaelo
365 1732 443 1786 sunt,
465 1740 500 1776 en
510 1724 645 1790 dispersis
657 1723 737 1793 qnasi
751 1724 884 1774 membris
894 1723 1020 1790 simplex

205 1796 244 1848 eit
255 1796 394 1864 putandus
404 1793 495 1844 Deuss
507 1793 664 1859 septimum,
675 1790 769 1842 Solem
780 1790 922 1862 adiungit:
940 1799 1021 1844 oete·

204 1878 332 1932 tamque,
353 1864 477 1914 Lunem:
499 1863 550 1929 qni
563 1857 619 1928 'quo
634 1875 718 1911 sensu
731 1860 808 1913 beati
824 1877 884 1913 esse
895 1862 1021 1929 possint,

205 1935 328 2002 intelligi
338 1949 392 1984 non
403 1934 505 1999 petest.
535 1930 579 1980 Ex
589 1929 825 1983 eadem‘Plntonis
835 1930 934 1983 schola
945 1930 1021 1982 Pon·

204 2007 278 2057 tiens
289 2001 454 2057 Heraclides
474 2000 629 2067 puerilibus
650 1998 754 2052 fabulis
775 1999 891 2053 refersit
909 2001 1019 2053 libros:

205 2074 257 2143 [et]
269 2080 329 2125 tum
340 2070 484 2132 mundum,
504 2074 565 2120 tum
576 2076 696 2122 mentem
709 2069 831 2122 divinam
842 2086 903 2122 esse
917 2070 1020 2137 putat:

205 2141 364 2199 errantibus
374 2140 460 2192 etiam
470 2139 745 2193 stellisdivinitotem
755 2140 864 2202 tribuit,
874 2154 1021 2207 sensuque

203 2212 295 2266 Deum
312 2211 413 2277 privat,
433 2209 535 2261 eteius
556 2209 673 2262 formam
688 2209 851 2261 mutabilem
862 2224 926 2262 esse
937 2210 1021 2261 vult=

205 2279 359 2347 eodemque
369 2279 398 2330 in
409 2279 482 2331 libro
492 2294 590 2331 rursus
604 2285 708 2332 terram
720 2284 748 2332 et
759 2279 867 2331 caelum
882 2278 979 2331 refert
990 2279 1023 2332 in

204 2350 290 2404 Deos.
326 2347 367 2400 35.
382 2349 441 2401 Nee
450 2365 517 2402 vero
528 2348 716 2417 Theophrasti
725 2349 914 2400 inconstantia
925 2348 1024 2401 feren·

205 2419 243 2470 (lo
254 2423 305 2471 est.
341 2418 428 2470 Modo
441 2421 514 2475 enim
526 2421 614 2472 menti
628 2420 751 2470 divinum
761 2418 862 2471 tribuit
875 2420 1025 2486 principe·

202 2494 276 2549 tum3
286 2486 371 2539 modo
379 2489 470 2541 eaelo:
480 2489 540 2541 tum
547 2496 641 2543 nutem
652 2488 740 2556 signis
750 2486 948 2555 sideribusque
957 2503 1026 2540 cae·

206 2556 333 2609 lentibus.
369 2559 428 2611 Neo
440 2560 596 2613 audiendus
607 2560 666 2612 eins
672 2556 790 2624 puditor
799 2555 906 2620 Strat03
927 2557 957 2609 is
970 2557 1026 2627 qui

206 2621 339 2692 pbysieue
349 2631 517 2696 appelletur:
539 2631 588 2698 qui
598 2636 708 2682 omnem
718 2626 774 2678 vim
786 2624 911 2678 &vinem
927 2627 961 2680 in
972 2642 1027 2680 no·
