2084 3025
265 138 347 191 mn
362 138 383 192 1.
421 98 683 193 elusanam
822 136 873 193 ol

13 230 17 235 ⁴
71 244 174 299 muniis
186 257 263 304 esse,
284 258 338 293 non
354 242 387 297 de
402 243 521 297 victoria
536 226 725 310 cogitandum.
762 238 876 296 xm.

71 318 115 368 77.
135 312 228 376 Quint
248 313 323 364 bello
338 311 443 364 Punico
464 313 600 375 seeundo,
620 329 710 365 rtonue
730 313 760 365 C.
777 312 877 363 Flami·

71 385 150 447 ttius,
170 381 276 435 Consul
294 383 409 453 iterum,
428 382 553 449 neglexit
567 384 647 450 signa
661 397 754 435 rerum
772 381 877 435 fotura·

72 469 135 508 runi
156 466 339 519 magnacum
361 451 441 504 clade
463 452 650 518 reipublicael
687 451 756 514 Qui,
777 452 880 504 exerei-

70 532 104 576 tu
116 524 265 584 lustrato,
288 537 369 590 quum
388 523 528 574 Arretium
550 537 646 573 uersus
668 527 760 574 eastra
781 522 881 579 movis-

69 601 131 656 set,
158 599 187 644 et
212 588 310 644 contla
335 591 523 644 Hannibalem
549 591 674 658 legiones
698 588 823 643 duceret:
853 598 882 643 et

70 665 134 730 ipse
152 668 182 714 et
198 677 284 728 equus
299 662 358 713 eius
380 668 443 713 ante
463 662 573 729 signum
591 660 666 712 lovis
684 659 803 714 Statoris
820 661 882 728 sinc

73 747 176 784 caussa
186 738 301 796 repente
313 730 441 792 concidit,
459 746 511 782 nee
522 744 584 780 earn
595 744 654 781 rem
664 728 761 781 habuit
771 731 883 799 religio·

74 802 112 864 ni,
124 801 239 853 obiecto
250 800 341 869 siguo,
357 807 389 851 ut
399 800 498 866 peritis
508 799 667 862 videbatur,
685 816 719 852 ue
729 803 883 853 committe·

75 878 119 923 ret
130 871 280 939 praelium.
298 870 375 922 ldem
385 885 469 937 quum
480 868 605 934 tripudio
616 867 814 937 auspicaretur,
825 871 883 936 pul·
970 874 972 879 '

75 941 165 1007 larius
187 939 262 992 diem
283 939 384 1007 praelii
405 937 598 991 committendi
619 937 775 992 differebat.
812 942 883 991 'l'uni

74 1010 232 1061 Flaminius
243 1024 278 1061 ex
287 1025 322 1062 eo
333 1009 485 1076 qnaesivit,
504 1008 529 1059 si
538 1024 573 1060 nc
583 1016 684 1075 postea
693 1009 803 1079 quidem
816 1009 885 1077 pulli

75 1085 271 1147 pascerentur,
291 1079 356 1147 quid
374 1077 533 1130 iaciendum
556 1084 691 1133 censeret.
727 1079 816 1141 Quom
836 1079 886 1130 ilio

76 1146 275 1216 quiescendum
293 1148 496 1215 respondisset:
524 1148 692 1213 Flaminius,
711 1149 886 1213 „Praeclara

76 1235 143 1271 tero
155 1218 296 1283 auspicia,
316 1219 340 1268 si
355 1217 540 1269 esurientibus
551 1218 635 1284 pullis
647 1233 691 1270 res
703 1219 762 1287 geri
774 1218 886 1285 poterit,

77 1288 183 1347 saterris
193 1285 263 1338 nihil
275 1291 421 1354 ge1·etur.“
456 1288 555 1355 ltaque
571 1289 652 1354 signa
662 1289 797 1351 convelli,
816 1298 886 1340 etse

77 1358 159 1425 sequi
168 1357 259 1408 iussit.
297 1355 359 1417 Quo
371 1363 506 1424 tempore,
526 1372 607 1424 quum
618 1357 736 1425 signifer
748 1358 828 1425 primi
840 1356 887 1407 ha·

78 1428 149 1478 stati
160 1427 272 1492 signum
283 1440 337 1476 non
347 1434 442 1492 posset
453 1441 565 1479 movere
576 1427 653 1489 loco,
674 1443 725 1478 nec
736 1427 886 1494 quidquam
959 1448 962 1457 ·

59 1497 277 1563 proficeretur,
297 1495 390 1562 plures
402 1511 483 1564 quum
496 1496 674 1557 accederent3
694 1496 846 1548 Flaminius
858 1511 887 1548 re

77 1568 217 1629 nuntiata,
229 1582 280 1617 suo
291 1581 370 1619 nrore
380 1566 511 1633 neglexit.
531 1567 628 1632 ltaque
639 1566 730 1617 tribus
739 1565 815 1618 horis
827 1582 889 1617 eorr-

78 1638 154 1687 eisus
166 1636 320 1699 exercitus,
341 1642 424 1703 atque
435 1637 493 1702 ipse
503 1635 731 1689 interfectosest.
769 1636 811 1687 28.
830 1635 889 1688 Mu·

79 1722 164 1776 gnum
175 1704 248 1755 illud
260 1705 353 1767 etiam,
374 1706 448 1773 quod
458 1704 569 1757 addidit
581 1705 702 1766 Caelius,
717 1722 751 1756 eo
762 1711 888 1771 tempore

79 1776 152 1842 ipso,
174 1789 258 1842 quum
269 1772 323 1826 hoe
334 1774 527 1827 calamitosum
541 1775 620 1827 lieret
630 1775 774 1843 praelium,
795 1782 888 1826 tantos
977 1833 981 1844 ι

81 1843 175 1897 terrac
190 1844 322 1895 motusin
333 1844 498 1912 Liguribus,
518 1844 627 1908 Gallia,
648 1845 889 1912 compluribusque

81 1915 191 1977 insulis,
199 1920 315 1980 totaque
325 1914 354 1964 in
363 1914 446 1966 ltalia
453 1914 545 1965 factos
557 1931 629 1978 esse,
642 1922 673 1965 ut
684 1916 774 1966 multa
785 1915 890 1984 oppida

86 1984 254 2046 corruerint,
275 1983 371 2036 multis
383 1984 452 2035 locis
461 1984 540 2036 labes
550 1984 643 2038 iactae
653 1986 723 2047 sint,
743 1994 889 2051 terraeque

87 2050 423 2120 desederintilumiuaque
433 2054 462 2105 iu
474 2055 630 2106 contrarias
640 2062 736 2121 partes
746 2053 889 2116 fluxerint3

87 2128 168 2189 atque
179 2123 208 2173 in
222 2137 317 2175 amnes
327 2139 403 2175 mare
413 2121 566 2175 influxerit.
584 2122 713 2176 xxxvi.
720 2125 803 2175 Fiunt
814 2132 889 2176 certe

87 2192 287 2244 divinationum
299 2193 473 2245 coniecturae
485 2194 619 2259 aperitis.
643 2193 739 2245 Midae
749 2194 792 2244 illi
803 2193 889 2259 Phry·

88 2263 142 2328 gio,
154 2277 238 2330 quum
250 2276 319 2327 puer
329 2269 411 2326 esset,
416 2261 565 2313 dormienti
575 2262 710 2316 formicae
720 2265 750 2314 in
761 2280 792 2314 os
801 2261 890 2314 tritici
947 2323 951 2328 .

0 2368 1 2371 ,
87 2345 174 2399 grana
184 2338 390 2398 congesserunt.
419 2331 625 2384 Divitissimum
636 2333 707 2395 fore,
717 2332 888 2399 praedictum

76 2406 144 2462 ,estc
165 2400 241 2467 quod
252 2400 351 2451 evenit.
375 2403 411 2452 nt
420 2400 542 2464 Platoni,
553 2418 635 2469 quum
646 2404 676 2453 in
688 2404 765 2453 cunis
774 2399 891 2467 partulo

73 2469 240 2538 ‚domolenti
258 2483 324 2535 apes
339 2469 368 2521 iu
377 2469 488 2524 labellis
505 2471 711 2532 consedissent,
730 2481 892 2534 responsum

19 2597 23 2600 ,
81 2544 137 2598 est,
153 2539 291 2607 singulari
300 2535 380 2590 illum
391 2540 530 2592 suavitate
541 2540 680 2594 orationis
691 2539 762 2590 fore.
798 2535 841 2583 lta
852 2530 882 2581 fil

80 2614 149 2660 tura
171 2609 332 2675 eloquentia
353 2610 465 2675 prouisa
484 2610 514 2660 in
530 2609 639 2661 infante
653 2614 706 2658 est.
742 2604 787 2681 7¹9.
804 2599 893 2660 Quid!

58 2689 61 2694 ·
86 2678 454 2742 amoresaodulieiaetuse,
470 2678 600 2740 Roscius,
619 2690 683 2733 num
695 2678 824 2736 antipae,
846 2674 893 2715 ant
