2084 3025
192 151 247 210 aa
413 209 416 217 y
462 140 520 202 nu
539 97 722 203 osricus

193 256 264 310 licus
274 252 395 308 adores
403 265 477 315 esse,
487 266 571 320 quarn
581 253 712 314 urbanas,
721 248 873 304 minuenda
882 247 1002 305 esiliaec

195 325 300 392 opinio.
330 321 418 374 Multi
428 321 502 374 enirn
512 322 589 374 bella
600 337 684 389 saepe
694 321 875 389 quaesierunt
885 328 1003 388 propter

174 393 302 464 *gloriae
318 391 515 459 cupiditatem
535 397 621 459 atque
634 391 664 442 id
677 392 707 441 in
722 392 833 459 magnis
847 390 951 442 anianis
960 390 1003 440 in·

146 481 151 486 ”
177 459 1004 598 'il”lilllffllipiiliiiluluiii:lif

96 626 108 650 s
195 616 268 654 turn.
302 598 377 653 Vere
387 601 480 652 autern
495 600 521 651 si
535 600 663 651 volumus
678 598 818 662 iudicare,
837 599 1003 651 multantes

198 669 366 722 exstiterunt
376 669 500 721 urbanae
509 668 631 720 maiores
642 668 840 736 clarioresque,
853 666 1005 734 quambel⁴

197 739 279 792 licae.
316 736 364 791 75.·
381 737 513 800 Quamvis
529 738 601 790 enim
613 736 818 790 Themistocles
832 737 893 788 iure
904 736 1005 789 laude·

145 813 154 824 “
197 814 253 872 tur,
270 812 299 860 et
309 806 346 858 sit
356 808 414 860 eius
425 821 535 870 nomen,
552 821 634 873 qnam
645 806 766 870 Solonis,
775 806 923 869 illustrius,
934 806 1006 859 cite·

195 885 297 945 turque
306 875 425 930 Salamis
435 876 609 928 clarissimae
621 876 701 928 testis
711 876 855 938 iictorine,
872 890 946 942 quae
955 890 1006 927 aa·

196 952 347 1015 teponatur
356 946 475 1003 consilio
486 944 599 997 Solonis
611 946 647 1008 ei,
656 960 711 1012 quo
722 945 841 1013 primum
853 945 1005 996 coustituit

195 1015 392 1083 Areopagitas:
408 1029 463 1066 uon
473 1014 563 1065 miuus
574 1016 746 1082 praeclarum
756 1014 818 1077 hoc,
829 1029 911 1082 quam
921 1014 1005 1078 illud,

195 1084 370 1138 iudicandum
382 1089 433 1136 est.
463 1081 542 1134 inno
551 1085 624 1136 enim
634 1085 721 1137 semel
732 1083 846 1152 proluit,
865 1082 921 1135 hoc
930 1098 1005 1136 sena-

196 1168 246 1223 per
264 1151 391 1219 proderit
410 1151 607 1205 civitatulae
626 1151 744 1205 consilio
763 1154 839 1221 leges
852 1151 1005 1205 Athenien·

196 1222 277 1283 sinna
297 1220 350 1273 hoc
359 1222 494 1273 maiorum
506 1222 636 1275 instituta
649 1228 804 1275 serrantur.
838 1222 876 1273 Et
886 1220 1004 1274 Themi·

197 1290 301 1342 stocles
312 1290 421 1359 quidem
433 1288 502 1343 nihil
514 1291 627 1354 dixerit,
645 1292 675 1343 in
685 1307 739 1359 quo
750 1293 813 1359 ipse
821 1292 1002 1360 Areopagum

169 1399 172 1402 -
198 1359 391 1414 adinveniunt
399 1361 449 1412 ille
458 1375 558 1428 reapse
568 1362 677 1413 adiuvit
687 1359 917 1414 Themistoclem.
946 1361 1004 1412 Est

197 1428 271 1482 enirn
281 1429 384 1482 bellum
396 1435 506 1497 gestum
516 1431 635 1483 consilio
646 1431 763 1483 Senatus
774 1431 844 1493 eins,
863 1430 912 1497 qni
924 1428 1003 1483 aSo·

157 1538 163 1547 ,
197 1498 521 1553 loueeratconstilutus.
558 1501 601 1554 76.
617 1500 696 1554 Licet
706 1501 804 1555 eadem
814 1499 849 1554 de
858 1499 1003 1554 Pausania

196 1566 399 1637 Lysandroque
409 1569 516 1624 dicere:
529 1585 645 1637 quorum
651 1571 733 1623 rebus
740 1570 1003 1639 gestisqnamquan

196 1638 343 1705 imperium
360 1639 579 1692 Lacedaemonis
594 1638 741 1691 dilatatum
757 1646 883 1707 putatum
902 1645 1003 1694 tannen

196 1721 232 1761 ne
243 1708 359 1761 minima
368 1709 479 1775 quidem
490 1714 615 1775 exparte
626 1708 750 1778 Lycurgi
760 1710 867 1778 legibus
877 1714 907 1760 et
918 1709 1005 1762 disci·

196 1778 290 1845 plinae
311 1776 473 1830 conferendi
492 1783 566 1830 sunt.
602 1777 676 1839 Quin
695 1781 780 1832 etiam
800 1779 835 1830 ob
856 1777 907 1829 has
922 1779 1003 1846 ipsus

197 1860 310 1901 caussas
321 1852 349 1898 at
359 1847 533 1913 parentiores
542 1846 698 1899 habuerunt
707 1846 854 1910 exercitus,
865 1846 1004 1902 etfortio·

196 1929 251 1968 res.
282 1915 354 1966 Mihi
364 1916 473 1982 quidem
484 1930 574 1983 neque
583 1918 678 1983 pneris
688 1918 777 1980 nobis,
785 1916 825 1969 M.
836 1917 959 1969 Scaurus
970 1919 1003 1970 c.

196 1983 299 2046 Mario,
315 2000 413 2051 neque,
426 1999 508 2052 quum
518 2000 694 2038 versaremur
703 1988 732 2037 iu
742 1986 893 2055 republica,
901 1987 940 2051 Q.
950 1986 1007 2042 cs.

197 2053 274 2104 tulus
285 2054 333 2105 cn.
344 2053 478 2121 Pompeio
489 2052 586 2107 cedere
596 2054 753 2110 videbatur.

232 2136 404 2209 Pdroi'enim
413 2156 558 2228 ferierunt
569 2174 658 2224 arma,
668 2148 913 2215 nisiritcoutiliriru
918 2157 1006 2217 dost.

199 2257 259 2312 Nec
269 2257 331 2324 plus
341 2257 498 2323 Africanus,
510 2261 659 2329 singularis
669 2269 697 2315 et
705 2262 750 2315 vir
759 2269 788 2316 et
797 2263 964 2332 Imperator,
974 2262 1005 2318 in

199 2326 353 2384 addenda
368 2328 520 2382 Numantia
535 2331 706 2398 reipublicae
719 2332 839 2399 proluit,
859 2348 944 2400 quam
956 2349 1006 2388 eo·

199 2395 262 2449 dem
272 2401 397 2463 ternpore
408 2396 439 2450 P.
446 2398 551 2451 Nasica
560 2400 1006 2469 privatus,-quumTi.Gruccl1um

197 2462 359 2519 interemit:
366 2480 532 2533 quamquam
541 2468 611 2522 haec
621 2471 731 2538 quidem
741 2487 788 2524 res
799 2487 853 2522 non
864 2471 958 2525 solum
969 2486 1006 2527 ox

198 2533 352 2586 domestica
363 2536 536 2588 estuatione:
557 2540 686 2608 (attingit
694 2540 767 2592 enim
778 2540 921 2605 bellicam,
936 2556 1006 2611 qno·

143 2648 150 2657 ,
195 2602 270 2654 niara
280 2604 454 2669 vimunuqua
464 2604 594 2659 conlecta
608 2614 677 2671 ests)
697 2608 747 2661 sed
763 2615 856 2662 nmen
867 2609 897 2661 id
908 2611 1005 2678 ipsun

197 2676 306 2736 gestum
315 2676 359 2725 est
369 2670 486 2726 consilio
496 2674 614 2742 urbano,
634 2678 694 2734 sine
704 2678 836 2740 exercitu.
872 2680 1004 2739 villici
