2084 3025
173 152 225 206 438
368 148 552 202 lNcERTl
569 147 790 231 AncToms

136 300 142 311 .
173 253 298 323 intelligi
307 253 383 316 licet,
403 268 458 304 non
469 254 548 305 nesci
557 252 641 319 longe
651 244 787 320 optimum
795 267 875 314 esse,
891 253 970 305 necin

175 326 228 391 lios
251 324 382 392 scopulos
402 323 528 375 incidere
544 323 633 374 ritae:
655 323 811 389 proximum
827 329 932 383 autem,
951 321 973 372 si

150 401 258 446 'natus
269 396 318 456 sis,
327 400 330 408 “
338 408 421 460 quarn
432 393 549 459 pmmum
561 392 641 455 mori,
656 399 685 444 et
694 399 834 459 tamquam
847 406 884 444 ex
894 393 974 442 incen-

176 463 224 519 dio
236 463 360 531 elingem
370 462 510 514 fortunae.
547 460 634 513 Sileni
645 477 716 528 quoe
728 460 816 513 fertur
826 462 938 522 fabula,
953 461 976 510 si

176 534 355 602 gravioribus
365 532 476 584 ludicra
485 531 623 583 interdum
635 532 788 584 admiscere
801 531 897 592 liceat,
910 529 975 581 idem

176 611 253 656 certe
265 603 425 655 confirmat:
447 602 504 669 qui,
526 607 622 669 captus
633 600 746 662 alliida,
764 602 924 652 missionem
935 599 976 651 do·

177 672 270 726 ctrina
279 671 408 724 redemit.
435 668 541 722 Docuii
552 677 644 723 autem
655 671 769 738 Regem,
780 685 926 739 numquam
936 684 975 720 na·

176 744 219 794 sci
236 742 374 809 optimum
395 755 470 803 esse,
490 740 540 792 sed
555 741 729 793 celeritatem
746 742 849 793 monis
859 740 975 808 proxime

175 811 318 864 accedere.
349 810 479 877 idemque
490 810 633 876 Euripidis
644 811 820 872 testimonio,
830 817 932 881 poetae
940 823 974 858 se·

175 881 352 948 pientissimi,
362 880 568 946 comprobatur.
598 880 654 932 Sed
666 881 786 932 Crantor
796 877 975 946 nosterpatri,

175 951 230 1002 lilii
240 957 358 1003 mortem
369 951 525 1017 aegerrime
533 950 646 1012 ferenti,
660 963 826 1016 responsum
840 950 882 1000 ait
892 950 975 1000 daton

100 1074 105 1083 ,
177 1021 278 1073 essein
289 1018 521 1088 Psychomantio,
543 1019 603 1070 filio
620 1033 673 1069 suo
683 1021 905 1087 benebeateque
916 1031 976 1078 esst,

175 1090 329 1156 utiliusque
340 1088 466 1140 futurum
475 1089 571 1150 fuisse,
576 1089 602 1139 si
613 1090 699 1140 etiam
709 1095 791 1156 pater
801 1091 868 1155 pari
878 1089 976 1141 rationo

175 1158 244 1211 fatis
266 1158 457 1211 concessisset.
494 1158 698 1219 Quamobrem,
718 1160 743 1209 si
761 1159 896 1211 dolorum
905 1161 975 1210 linem

175 1243 252 1280 mors
266 1227 362 1289 offert,
383 1228 409 1278 si
430 1228 580 1279 securioris
595 1234 624 1280 et
635 1228 761 1279 melioris
771 1229 888 1282 initium
898 1230 974 1288 ritem

109 1354 124 1366 ⁸
175 1300 202 1349 si
220 1297 318 1349 lutura
335 1296 537 1360 malaevertit3
558 1295 582 1347 si
593 1297 720 1350 medetur
731 1300 938 1365 praesentibus;
953 1293 975 1344 si

174 1383 227 1418 nos
238 1383 273 1419 ex
284 1365 410 1433 plurimis
420 1366 467 1418 rel
478 1368 646 1428 morborum,
665 1366 711 1417 rel
721 1367 924 1430 molestiarum,
937 1362 973 1416 rel

176 1438 362 1489 acerbitatum
372 1435 507 1503 periculis
518 1435 624 1487 educit:
646 1451 695 1487 cur
706 1451 768 1488 eam
779 1442 930 1506 tantopere
938 1449 974 1484 ac·

175 1519 273 1558 cusare
294 1510 343 1556 aut
363 1505 489 1559 dolorem
501 1522 536 1558 ex
546 1521 580 1558 ea
589 1505 719 1558 derivare
730 1506 866 1572 velimus,
886 1518 973 1573 exque

193 1577 266 1626 otius
277 1574 500 1626 consolationem
517 1582 546 1626 et
557 1575 697 1627 laetitiam
708 1574 823 1630 haurire
834 1578 881 1631 fas
892 1571 974 1644 esset!

199 1644 234 1695 isi
244 1645 277 1706 si,
294 1643 368 1711 quod
380 1649 498 1696 mortem
510 1646 701 1711 subsequitur,
711 1662 763 1698 nos
774 1647 900 1701 fortasse
908 1644 974 1698 solli

173 1715 247 1766 citos
257 1713 350 1766 habet.
388 1713 429 1766 De
441 1728 495 1780 quo
505 1713 676 1782 libetpaucs
686 1716 789 1779 dicere,
810 1733 848 1769 ne
859 1717 974 1770 hicunas

173 1784 207 1835 ad
230 1783 389 1835 molestiam
410 1782 592 1851 doleremque
612 1785 741 1836 olendum
761 1788 885 1854 angulus
902 1785 973 1837 rolin·

172 1860 286 1922 quatur:
310 1854 359 1920 qui
378 1852 506 1921 prolecto
526 1854 719 1921 insipientibus
739 1857 974 1909 obiiciendusnou

171 1929 224 1986 est,
235 1922 325 1974 necin
336 1930 416 1975 tanto
429 1929 658 1992 argumentorum
666 1939 778 1988 acervo,
797 1927 901 1993 quibus
913 1938 973 1977 mor·
1013 1979 1014 1984 ,

169 1999 234 2046 tem·
246 1994 337 2060 ipsam
358 1993 439 2045 nobis
451 1993 626 2060 obstringere
637 2008 783 2058 conamur,
803 1997 972 2047 committer·
1012 2053 1013 2058 Ἰ

170 2063 259 2126 dum,
270 2068 303 2114 ut
318 2060 371 2113 hoc
392 2064 571 2120 unonomine
581 2064 672 2114 minus
684 2064 763 2116 nobis
774 2064 880 2118 debere
890 2065 972 2116 videa·

168 2139 226 2186 tur.
262 2132 300 2183 Et
311 2139 477 2199 quamquam
488 2131 559 2185 haec
569 2132 659 2184 futuri
668 2139 734 2201 post
743 2140 865 2187 mortem
877 2141 972 2201 tempo·

168 2203 210 2253 ris
221 2215 289 2254 cura
299 2201 420 2254 hominis
431 2204 549 2269 propria
559 2217 613 2253 non
623 2203 670 2266 sit,
679 2204 729 2256 sed
739 2204 802 2257 Diis
811 2202 972 2257 imsmrtnli·

167 2272 332 2338 bus'potius
346 2271 542 2339 relinquenda,
561 2288 678 2341 quorum
693 2289 743 2326 nos
755 2275 802 2328 rel
811 2269 972 2328 liberalitati

167 2341 216 2393 rel
238 2341 393 2407 supientiae
411 2343 576 2408 permittere
597 2342 640 2395 ias
660 2344 790 2411 piumque
813 2352 904 2398 esset:
930 2341 971 2410 qui

169 2410 243 2478 mrim
254 2410 428 2462 nascentium
438 2419 537 2464 curam
548 2413 710 2479 suscipiunt,
720 2415 768 2481 qui
779 2414 907 2467 viventes
916 2427 972 2480 pro·

166 2483 276 2543 tegum,
297 2480 384 2541 abunt,
405 2486 530 2542 tuentur,
549 2482 654 2544 locent,
675 2483 892 2538 cormorientes
904 2484 973 2535 deso·

166 2546 247 2596 ronti
266 2553 360 2599 tanuen
372 2547 482 2617 aliquid
492 2552 576 2602 etiam
596 2552 721 2605 modeste
732 2554 766 2606 de
775 2554 813 2605 iis
823 2554 972 2621 exquirere,

169 2628 225 2663 non
247 2621 290 2682 est
303 2615 412 2668 imtlle.
449 2618 572 2673 Necesse
585 2628 628 2673 est
640 2628 746 2685 autem,
764 2626 803 2675 sit
813 2624 931 2676 alterum
941 2620 972 2670 de

167 2679 291 2746 duobus,
312 2691 344 2735 ut
359 2691 408 2736 out
423 2702 522 2741 seusus
536 2691 650 2756 penitus
669 2702 764 2743 omnes
774 2708 851 2745 mors
862 2692 971 2749 auferat
