2084 3025
278 132 358 191 utu.
375 135 397 190 1.
433 134 518 191 CAP.
536 135 581 190 44.
598 135 643 193 db.
812 134 865 192 189

54 244 124 298 sisse
133 240 255 303 sadum,
276 247 352 295 etex
362 239 472 305 occulto
482 241 771 305 auditasesserores,
791 256 863 311 quae

55 313 181 381 pericula
189 312 260 364 belli
267 312 445 381 nuntiarent3
466 320 495 364 et
506 312 625 365 Lanuvii
638 311 767 381 clypeos,
790 312 864 378 quod

52 383 252 448 haruspicibus
263 380 454 434 tristissimum
466 381 554 434 visum
566 389 648 444 esset,
658 399 675 434 a
684 382 810 437 muribus
821 397 863 434 es·

51 469 83 506 se
94 453 222 505 derosos.
260 448 320 503 100.
333 451 415 515 Quid,
437 452 511 518 quod
520 453 549 502 in
561 453 707 523 annalibus
720 450 862 513 habemus,

20 577 25 583 ,
51 522 168 575 Veienti
182 520 275 583 bello,
295 528 377 588 quum
393 522 470 572 lacus
484 522 608 574 Albanus
624 520 863 588 praetermodum

51 593 199 653 urerisset,
213 589 357 644 Veientem
369 589 515 657 quemdam
527 592 562 643 nd
573 607 624 644 nos
635 589 774 644 hominem
787 592 863 644 nobi·

53 661 108 716 lem
118 660 290 728 profugisse,
300 675 416 729 eumque
426 660 540 725 dixisse,
550 676 586 714 ex
596 660 674 723 fatis,
686 660 863 728 quaeVeien·

53 731 217 800 tesseripta
227 729 374 793 baberent,
394 728 479 782 Veios
491 731 553 798 capi
565 746 620 782 non
632 746 728 798 posse,
749 730 814 782 dum
825 731 865 784 la-

55 801 139 855 cusis
151 799 336 852 redundaret:
349 806 384 862 et,
396 800 420 857 si
429 800 507 852 lacus
520 801 646 863 emissus,
657 800 738 866 lapsu
748 806 865 853 etcursu

54 885 104 922 suo
116 871 154 921 ad
164 884 244 921 mare
257 867 444 936 profluxisset,
455 870 642 937 perniciosum
653 869 756 937 pupulo
766 869 865 922 Rome·

55 955 104 1003 1103
116 941 161 991 sin
173 945 268 993 autem
277 940 319 991 ita
328 945 402 991 esset
412 940 538 1003 eductus,
549 947 580 991 ut
591 940 626 991 ad
637 941 865 1006 marepervenire
951 942 954 947 ⁴

55 1025 109 1062 non
118 1015 230 1078 posset,
250 1015 310 1061 tum
324 1009 448 1061 salutare
462 1010 567 1061 nostris
581 1010 650 1062 fore.
687 1010 731 1062 Ex
746 1024 800 1077 quo
815 1007 866 1062 iiia

57 1078 233 1132 admirabilis
249 1095 267 1133 a
283 1079 435 1133 unionibus
450 1079 577 1134 Albanae
593 1094 680 1146 aquae
697 1079 772 1133 facta
782 1079 866 1131 dedu-

58 1150 111 1202 ctio
122 1156 177 1201 est.
216 1149 307 1211 Quum
322 1158 415 1201 autem
431 1147 563 1202 Veientes
576 1150 652 1202 bello
668 1150 734 1202 fessi
755 1150 866 1217 legatos

57 1218 236 1288 cdSenatum
248 1219 396 1280 misissent,
416 1225 475 1271 turn
487 1235 522 1270 ex
533 1218 576 1272 bis
587 1220 699 1287 quidam
711 1221 816 1272 dixisse
826 1219 866 1270 di·

59 1289 139 1351 citur,
153 1304 210 1341 non
220 1290 314 1340 onmia
323 1288 404 1340 illum
416 1288 590 1358 transfugam
603 1306 699 1342 ausum
710 1307 771 1342 esse
783 1289 866 1342 Sena·

61 1359 100 1412 tui
114 1359 222 1410 dicere:
243 1358 386 1410 in'iisdem
402 1359 474 1410 enim
491 1358 557 1412 satis
579 1361 713 1426 seriptum
732 1358 866 1412 Veientes

60 1425 171 1490 babere,
180 1428 265 1491 Fore,
274 1437 307 1480 ut
318 1427 392 1481 brevi
401 1445 419 1480 o
427 1427 608 1482 GallisRomu
619 1438 779 1498 caperetur.-
792 1429 866 1495 quod

61 1497 172 1567 quidem
189 1498 324 1551 sexennio
340 1505 406 1564 post
419 1495 505 1551 Veios
522 1506 620 1565 captos
636 1515 698 1551 esse
714 1498 818 1550 suctum
828 1499 867 1549 ri-

59 1569 167 1621 demus.
204 1567 294 1620 XLV.
309 1565 369 1620 101.
382 1568 472 1635 Saepe
483 1570 569 1622 etiam
588 1577 617 1620 et
633 1570 661 1620 in
671 1569 786 1636 praeliis
797 1568 867 1619 Fau·
954 1598 958 1607 ·

58 1640 89 1691 ni
98 1637 205 1702 auditi3
228 1644 258 1690 et
266 1639 389 1691 inrebus
399 1639 520 1690 turbidis
533 1638 672 1692 veridicae
682 1647 771 1690 voces
777 1652 811 1690 ex
823 1653 868 1690 oc·

59 1709 135 1760 esdto
152 1709 257 1761 missae
272 1724 333 1761 esse
347 1707 490 1760 dicuntur:
511 1709 589 1760 cuius
605 1709 716 1776 generis
732 1707 787 1760 duo
803 1715 867 1759 sunt

60 1793 94 1830 ex
113 1778 212 1829 multis
228 1779 369 1846 exempla,
390 1778 439 1831 sed
454 1779 586 1836 maxima.
622 1779 694 1831 Nam
710 1794 764 1830 uon
779 1777 867 1829 multu

62 1854 123 1901 aute
134 1849 239 1901 Urbem
255 1855 365 1915 captam
377 1849 510 1900 exaudita
525 1864 580 1900 vox
590 1858 633 1901 est
648 1866 666 1901 a
680 1849 743 1901 lucu
754 1846 867 1908 Vestae,

64 1919 108 1985 qui
118 1935 135 1970 a
146 1916 254 1972 Palatii
265 1918 360 1970 radice
369 1919 398 1970 in
408 1934 509 1971 novam
519 1920 593 1970 riam
603 1919 724 1971 devexus
735 1925 786 1974 est.
815 1918 868 1981 „Ut
908 1968 914 1976 ,

63 1990 130 2039 muri
145 1996 176 2041 et
187 1996 289 2056 portae
298 1989 491 2052 reficerentur3
511 1990 634 2040 futurum
646 2006 720 2051 esse,
740 1989 795 2042 nisi
807 2002 868 2056 pro·
903 1989 908 2000 “

65 2057 148 2109 vnum
162 2065 247 2122 esset,
258 2065 290 2109 nt
300 2058 391 2110 Roma
399 2062 576 2125 caperetur.“
608 2059 690 2123 Quod
701 2059 868 2127 neglectum,

67 2142 144 2193 quum
157 2129 251 2181 careri
260 2135 380 2195 poterat,
399 2135 464 2196 post
476 2135 619 2197 acceptam
631 2129 709 2182 illam
719 2129 868 2182 maximam

66 2197 169 2250 cladem
190 2197 360 2265 explicatum
380 2206 431 2251 est.
477 2200 533 2251 Ara
554 2201 627 2250 enim
646 2200 698 2251 Aio
719 2198 869 2266 Loquenti,

67 2282 144 2332 quam
155 2274 264 2335 septam
275 2267 410 2331 ridemus,
421 2269 591 2321 exadversus
602 2284 663 2321 eum
676 2269 868 2321 lucumconso

67 2345 141 2389 crata
151 2346 203 2390 est.
238 2339 328 2405 Atque
340 2339 425 2390 etiam
437 2340 571 2406 scriptum
584 2339 706 2390 amultis
717 2345 770 2400 est,
784 2350 867 2405 quum

67 2410 266 2459 terraemotus
282 2407 374 2460 factus
390 2414 478 2471 esset,
502 2408 539 2464 Ut
553 2426 600 2460 sue
615 2411 697 2476 pleno
710 2408 870 2475 procuratio

55 2474 149 2548 fieret,
161 2493 256 2530 vocem
268 2479 303 2530 ab
316 2477 385 2531 aede
395 2479 506 2531 lunonis
517 2494 552 2531 cx
564 2494 627 2529 arce
638 2477 793 2528 exstitisse:
805 2489 870 2538 quu-

60 2545 140 2597 circo
159 2548 189 2598 lu
210 2561 289 2599 onem
312 2549 390 2600 illam
411 2549 583 2615 appellatam
603 2547 756 2598 Monetam.
792 2542 871 2591 Haec

60 2614 151 2681 igitur
163 2633 178 2668 e
203 2634 220 2667 a
228 2616 292 2669 Diis
304 2619 472 2687 significata,
488 2626 516 2671 et
526 2634 543 2669 a
554 2617 658 2668 nostris
670 2610 822 2664 arsionibus
832 2608 870 2658 ii»

60 2683 157 2738 dicata
168 2689 369 2741 contemnimus
378 2689 389 2741 i
