2084 3025
88 601 91 606 ’
142 595 154 630 l

175 128 226 184 tto
344 119 386 178 bl.
400 121 556 192 ‘TULLII
576 120 801 180 CICERONIS

174 230 307 285 intercidit
320 229 439 280 refutatio
454 231 613 279 frumentarii
633 232 748 282 criminis
759 230 792 280 de
805 228 917 281 decimis
934 235 979 283 tri·

199 303 257 352 bus.
279 300 384 366 Respice
394 297 418 361 §-
430 314 472 348 22.
480 311 505 348 et
513 298 633 348 Mattiaci
644 298 761 364 Capellae
772 299 953 351 testimonium

312 369 359 419 tib.
368 367 402 417 de
412 366 516 417 Rhetor.
527 384 552 432 p.
562 368 621 419 418.
631 366 671 415 ed.
682 366 827 433 Capperou.

350 483 462 520 VERSU
479 485 495 521 Α
511 480 704 520 NOVISSIHO
723 481 798 518 CLX.

193 538 416 605 (ExAsconio.
437 537 955 604 Indeab†sign0ecod.'l'aurin.)

226 643 272 696 46.
292 641 421 709 Undique
428 639 497 693 nnibi
505 640 678 707 suppeditat,
694 640 768 707 quod
780 655 833 706 pro
844 640 887 692 M.
899 640 981 693 Scau·

174 728 206 767 ro
220 714 321 773 dicam,
337 726 509 779 quocunque
520 727 576 761 nen
586 710 669 761 medo
677 725 765 771 mens,
784 725 884 761 rerum
896 711 982 763 etiam

174 784 249 837 oculi
263 782 420 834 inciderint.
455 782 543 832 omia
557 781 608 837 illa
618 796 669 839 rus
680 779 713 831 de
728 781 899 847 gravissimu
912 783 982 847 prin·

175 856 268 921 cipatu
284 854 374 918 patris
388 850 598 917 fortissimoque
608 855 742 912 testatum
764 848 798 901 L.
808 852 873 917 ipse
884 850 981 903 Metel·

168 925 226 985 lus,
237 939 304 974 avus
314 919 684 983 huius‚sauctissimosDeos
691 921 741 969 illo
749 921 981 984 consti†·‚,tuisse

173 992 297 1058 „templo
309 990 461 1044 videturin
469 1000 564 1042 vestro
576 996 735 1056 conspectu,
753 990 879 1052 iudices,
898 998 931 1041 ut
942 1004 981 1040 sa·

173 1064 275 1127 „lutem
286 1076 304 1111 a
313 1060 392 1111 vobis
402 1059 513 1126 nepotis
520 1061 566 1120 sui
576 1060 823 1125 deprecarentur“,
842 1060 919 1126 quod
930 1059 981 1126 ipsi

173 1147 258 1197 saepe
274 1130 370 1180 meltis
387 1129 580 1184 laborantibus
594 1136 679 1195 atque
699 1129 921 1194 implorantibus
932 1143 981 1195 spe

59 1195 84 1212 “’
159 1217 225 1253 sus
239 1199 445 1262 subvenissent3
466 1200 509 1251 47.
528 1200 697 1266 Capitolium
713 1197 784 1249 illud
804 1200 924 1266 templis
938 1199 980 1250 tri·

168 1272 226 1324 bus
235 1270 421 1331 illustratum,
443 1270 565 1334 paternis
581 1276 664 1335 atque
674 1268 760 1322 etiam
772 1268 857 1320 buius
870 1268 981 1334 ampliss

174 1342 252 1393 simis
269 1340 349 1391 donis
360 1339 453 1390 ornati
467 1338 562 1392 editus
573 1338 647 1388 luris
658 1340 691 1390 0.
702 1337 754 1399 M„
774 1337 892 1390 lunonis
905 1338 981 1405 Regi·
1028 1353 1032 1400 ‚¹

173 1425 239 1472 nae,
250 1410 403 1471 Minervae,
413 1409 453 1459 M.
464 1405 598 1460 Scaurum
608 1405 687 1474 apud*
698 1423 742 1459 noe
755 1408 890 1460 memoria
906 1407 981 1460 duint

174 1478 378 1550 munificentiae
390 1487 418 1531 et
429 1476 609 1530 liberalitatis
617 1478 743 1545 publicae
758 1477 791 1530 ab
806 1477 883 1530 omni
894 1475 981 1532 everi
1031 1473 1032 1490 ¹

103 1612 106 1621 Ι
173 1551 230 1604 βαι
241 1558 291 1602 adt
304 1548 467 1618 cupiditatis
481 1548 632 1616 mtpicicne
643 1549 809 1620 defendunt3
825 1549 980 1617 propincus

173 1621 223 1674 tna
234 1623 313 1673 aedes
330 1619 427 1672 Vestae
443 1618 568 1670 admonet
583 1635 643 1682 ees,
663 1629 695 1671 ut
710 1618 894 1677 recordemini
908 1620 981 1671 iuius

173 1690 207 1742 L.
218 1690 337 1753 Metelli,
358 1688 503 1741 Pontificis
514 1688 656 1751 maxiem.
665 1689 726 1757 qui,
748 1703 833 1754 quum
846 1686 979 1756 templum

173 1760 245 1812 illud
266 1760 391 1820 arderet,
411 1758 564 1811 inmedios
579 1771 611 1809 se
624 1759 721 1811 iniecit
736 1759 816 1826 ignes
832 1765 861 1810 et
881 1759 981 1827 eripuit

172 1829 285 1882 tiammo
295 1827 453 1880 Palladium
468 1827 549 1889 illud,
571 1828 646 1894 quod
660 1830 741 1895 quasi
756 1829 857 1894 pignus
869 1838 981 1881 nestrae

173 1898 273 1951 solutis
285 1905 368 1965 atque
378 1898 490 1966 imperii
500 1897 625 1949 custodis
636 1896 739 1950 Vestse
750 1898 922 1951 continetur.
940 1899 980 1950 48.

174 1968 229 2031 Qui
241 1969 352 2019 utinam
363 1975 459 2035 posset
468 1983 618 2035 parumper
628 1967 779 2021 exsistere!
803 1968 940 2035 Eriperet
950 1982 980 2020 er

174 2038 227 2090 bac
237 2037 349 2089 flamma
358 2039 473 2104 stirpem
486 2037 614 2105 proiecto
625 2054 712 2099 mam,
724 2038 773 2105 qui
784 2038 940 2105 eripuisset
949 2050 980 2091 ex
1028 2100 1029 2115 .

173 2109 223 2160 illo
243 2108 372 2160 incendio
389 2108 508 2161 divinum
528 2107 725 2163 incolumitatis
740 2116 853 2160 nestrae
899 2108 906 2121 ⁴
927 2122 981 2162 net.

173 2179 337 2232 Permoveor
347 2178 523 2248 cogitatione,
535 2188 593 2231 tam
600 2193 700 2247 purum
710 2178 850 2231 secerdoti
857 2124 937 2232 Εἷι
945 2192 970 2230 et

171 2265 200 2300 se
210 2248 356 2315 propitios,
377 2256 409 2299 ut
419 2265 452 2300 ne
466 2248 570 2300 servati
585 2246 690 2315 quidem
703 2257 810 2301 serunt
821 2248 882 2300 eius
896 2261 982 2318 gente

172 2320 276 2369 tutelae
286 2333 353 2368 suae
365 2319 587 2371 conamendctum.
622 2317 666 2371 49.
679 2319 720 2370 Te
729 2333 805 2379 vero,
816 2317 857 2368 Μ.
871 2317 982 2377 Scauro,
1027 2310 1028 2327 ¹

171 2386 296 2452 equidem
307 2386 397 2449 rideo,
406 2378 497 2448 rideo,
507 2387 632 2454 inquam,
642 2387 798 2454 neueogite
806 2386 913 2439 selum.
925 2387 982 2439 Nee

171 2469 238 2504 reru
251 2457 310 2506 sine
323 2469 424 2522 magno
435 2456 521 2508 animi
533 2472 662 2510 maerore
673 2473 707 2509 ac
718 2458 825 2520 dolore,
843 2472 930 2524 quum
941 2455 982 2508 tui

170 2521 223 2571 lilii
233 2524 391 2589 squalorem
404 2524 529 2592 adspexi,
538 2527 591 2589 „dc
601 2533 629 2579 te
641 2528 800 2581 recordor“.
827 2530 920 2595 Atque
931 2525 982 2578 uti·

67 2614 72 2621 κ
169 2602 243 2651 nam,
257 2594 330 2643 sicut
340 2593 409 2644 mibi
419 2601 482 2646 tote
491 2596 519 2647 in
531 2595 583 2647 hac
593 2613 694 2650 caussa
701 2603 829 2650 versatus
841 2604 910 2650 ante
920 2611 981 2649 ocu·

170 2653 264 2723 lesse,
283 2661 325 2711 sic
339 2668 411 2714 nubc
425 2662 527 2717 borum
538 2673 568 2718 te
583 2667 686 2722 offeras
696 2668 836 2721 mentibus
846 2674 878 2722 et
893 2667 924 2721 in
935 2667 980 2720 bo·
