2084 3025
191 134 254 191 uuo
395 104 576 186 rucunr'r
594 129 808 207 lucrosis

142 272 148 288 s
198 240 248 292 Sin
263 235 421 305 profligatio
433 237 572 289 exercitus
586 242 635 287 aut
646 236 740 288 clades
752 236 846 305 aliqua
855 236 978 304 contingit

146 326 150 335 “
172 328 181 341 ·
199 307 269 362 nihil
278 323 312 359 co
324 314 402 359 statu
413 307 543 358 miserius
553 322 587 357 ne
598 307 718 374 cogitari
729 306 837 372 quidem
848 314 943 374 potest:
960 309 980 356 si

199 377 312 447 quidem
323 377 490 444 captivitati,
509 376 633 442 inopiae,
647 377 745 438 luctui,
757 376 926 444 contemptui
933 390 982 426 cou-

199 450 311 501 iunctus
321 454 374 499 est.
403 446 459 498 Sed
470 445 525 508 iac,
534 447 639 512 Regum
651 461 711 497 esse
724 462 741 497 a
751 447 886 498 bellorum
897 447 983 512 impetu

117 535 122 541 '
200 526 229 572 et
245 533 264 569 a
277 523 431 571 castrorum
449 515 562 582 pulvere
576 522 727 578 remotum,
747 532 799 566 sua
809 522 906 582 pacate
916 514 985 582 possi·

201 588 325 650 dentem,
343 587 421 638 nulla
429 584 553 641 hostium
563 585 721 638 incursione
731 595 875 638 vexatum:
890 601 947 636 nun
955 582 985 635 id·

149 716 153 721 ¹
201 660 275 711 circo
297 657 400 718 tutior,
419 672 437 707 a
455 656 578 708 miseriis
598 654 742 707 securiori
763 658 838 718 Quin
857 658 947 716 immo,
962 660 985 703 ut

200 729 288 780 otium
300 725 420 778 humanu
430 732 532 776 natura
549 740 605 776 non
615 724 689 787 fert,
708 726 770 791 ipse
782 727 838 778 sibi
849 725 985 777 molestiam

199 813 234 850 oc
255 796 473 858 sollicitudiuem
491 793 646 847 exhibebit.
683 794 755 846 Nam
767 803 819 847 aut
828 796 864 847 de
873 793 984 862 augendis

200 866 399 933 vectigalibus,
410 871 458 915 aut
468 863 503 916 de
513 863 701 931 producendis
712 864 824 927 linibus,
837 865 920 932 deque
930 863 985 913 urbi·

199 939 252 989 bus
264 935 300 987 ad
311 936 457 1002 imperium
469 933 658 1000 acquirendis,
676 940 726 985 aut
742 934 777 985 de
787 935 931 1002 iungendis
940 944 985 984 cun

200 1005 405 1074 potentioribus
421 1004 681 1071 propinquitatibus
694 1010 779 1070 atque
791 1006 920 1056 amicitiis
930 1001 985 1069 cogi·

199 1076 281 1128 tobit.
318 1078 397 1139 Quae
409 1074 457 1140 qui
471 1074 565 1123 animo
576 1074 681 1140 agitat,
700 1089 751 1125 uec
767 1090 785 1125 a
796 1077 924 1127 molestia
932 1074 985 1123 liber

200 1153 254 1207 est,
274 1161 325 1197 nec
335 1144 406 1196 alios
417 1157 531 1195 securos
542 1159 575 1194 ac
585 1143 695 1210 quietos
705 1159 766 1195 esse
779 1147 857 1197 sinit.
893 1145 931 1195 Dc
939 1155 985 1193 aro·

199 1216 267 1267 ritiu
277 1230 353 1275 vcro,
373 1212 495 1264 niaxima
505 1213 660 1263 animorum
673 1221 759 1279 peste,
781 1215 869 1266 nolim
882 1212 984 1264 hocloco

197 1285 326 1353 pluribus
337 1283 492 1349 disputare:
504 1283 615 1349 quaein
627 1282 723 1335 deside
735 1291 821 1350 atquc
833 1286 922 1335 ntimo
930 1295 983 1331 mco·

198 1365 321 1421 tequam
332 1353 453 1405 maxime
465 1352 599 1405 exoritur.
618 1352 715 1419 anue
726 1356 881 1406 erectiores
891 1354 982 1409 animos,

199 1425 355 1477 stultiores
366 1422 514 1495 dignitatis
525 1421 627 1489 gradus
639 1423 760 1474 maximo
772 1424 919 1476 sollicitat.
928 1419 981 1473 lluit

197 1493 294 1562 generi
303 1494 429 1546 iuilmum
438 1490 580 1544 hominum
591 1507 678 1560 genus
690 1494 857 1560 opponiturz
878 1491 949 1562 quod,
959 1494 982 1540 ut

197 1566 309 1629 nomine
321 1564 556 1624 abiectissimum,
575 1562 617 1613 sic
627 1578 658 1613 re
668 1577 779 1630 quoque
790 1567 917 1617 omnibus
928 1560 982 1613 nis

197 1634 343 1690 nitatibus
354 1639 439 1700 atquo
450 1632 601 1700 angoribus
613 1639 656 1683 est
666 1635 853 1701 propositum.
882 1631 983 1687 Huicic

181 1706 274 1772 ..θρίω
295 1703 393 1764 sumes,
413 1701 591 1763 contumelia,
608 1702 736 1765 iniuriae,
750 1706 917 1757 tributorum
927 1700 983 1753 solu·

194 1769 247 1836 tio,
258 1773 382 1827 militiae
393 1771 579 1833 incommodo,
598 1772 701 1825 misera
710 1774 831 1841 denique
843 1775 931 1826 omnia
939 1783 983 1837 ptr·

196 1843 314 1896 furendo
324 1849 401 1893 sunt:
413 1857 503 1909 eoque
513 1841 644 1893 miserius
655 1850 707 1906 est,
718 1844 793 1910 quod
805 1846 908 1897 ceteris
916 1838 983 1892 omni

195 1915 257 1975 bus,
278 1928 363 1978 quum
374 1911 492 1963 adversa
502 1909 616 1962 fortuna
626 1921 798 1978 premuntur,
814 1914 983 1981 permollito·
1010 1937 1011 1956 2

195 1998 259 2036 rueu
275 1985 439 2049 suppetunt,
461 1981 586 2049 equibus
602 1982 823 2036 consolationum
846 1982 983 2046 dolorisque
1010 1983 1011 1986 ’

196 2052 364 2108 levationem
378 2058 484 2117 petunt.
521 2053 557 2102 At
575 2051 698 2104 infimam
710 2053 819 2119 plebem
831 2060 929 2105 natura
938 2051 983 2115 ipso

91 2183 97 2194 ¹
196 2123 282 2174 fatali
297 2120 416 2190 quadam
429 2117 600 2173 'necessitate
620 2128 678 2174 tam
698 2123 810 2175 obiecto
822 2131 932 2190 tamque
941 2121 982 2170 iso

197 2193 263 2245 loco
275 2187 433 2253 collocavit,
445 2198 476 2242 ut
489 2192 616 2259 omnibus
628 2194 768 2245 aerumnis
778 2194 914 2255 subiecto,
925 2187 983 2241 nutu
1009 2249 1010 2252 Ἴ

197 2262 398 2330 propemodum
410 2260 520 2312 ratione
531 2262 602 2329 erigi
613 2269 662 2314 aut
673 2262 813 2315 sublevari
824 2264 923 2330 possit.
952 2256 983 2310 b'u

196 2332 347 2384 mediocris
359 2330 468 2398 quidem
484 2327 626 2382 bominum
636 2332 760 2385 conditio
770 2334 941 2386 miseriarum
949 2341 984 2380 ex·

196 2414 262 2468 pera
282 2416 343 2452 esse
366 2399 551 2467 cognoscitur.
588 2401 659 2454 Nam
671 2403 745 2455 inter
754 2419 892 2458 summum
904 2409 930 2453 ct
938 2396 984 2449 int·

122 2467 127 2480 '
193 2483 273 2519 mum
284 2469 438 2531 interiecta,
454 2469 539 2522 ultori
550 2479 639 2537 parct,
650 2473 768 2526 alterum
778 2475 895 2540 patitur.
915 2465 982 2522 coiri
1008 2483 1010 2504 r

194 2536 333 2601 imperare
354 2545 463 2602 posset,
486 2546 563 2592 corte
584 2541 695 2610 longius
712 2544 857 2595 auriseria
872 2543 983 2594 dieunt.
1006 2551 1008 2590 l

194 2603 250 2655 Sed
261 2607 326 2671 quin
336 2619 426 2672 nequo
437 2608 575 2675 diguimtc
586 2619 721 2680 praestat,
744 2630 794 2665 ucc
802 2627 924 2665 stimmos
934 2606 982 2658 vlf*

193 2672 244 2722 bus
257 2674 405 2743 adaequet,
424 2693 476 2766 suo
489 2685 564 2751 statu
576 2673 776 2758 contentiosos
787 2685 909 2753 cogitur.
941 2680 981 2733 lte
1007 2741 1008 2758 χ
