2084 3025
186 178 189 179 f
208 122 261 179 298
480 119 537 173 nn
555 119 739 195 necemus

209 225 291 294 quasi
304 225 464 278 muneribus
477 224 603 277 Deorum
622 241 672 276 nos
688 241 749 278 esse
764 226 919 278 instructos
931 231 960 278 ct
973 240 1017 279 or·
1031 232 1032 265 3

211 303 304 348 natos:
326 295 449 347 secundo
470 303 579 358 eutem,
598 311 683 346 unum
701 311 762 348 esse
778 295 924 362 hominurn
943 298 1014 349 inter

211 368 287 433 ipsos
299 366 409 417 vivendi
420 381 514 432 parem
521 380 747 432 communemque
753 367 903 417 rationem:
916 366 1017 418 deinde

213 451 307 487 oannes
319 437 392 487 inter
402 452 432 487 se
452 436 573 492 naturali
583 435 701 502 quadem
712 436 887 503 indulgentia
898 442 926 488 ot
935 437 1018 488 bene-

213 505 348 567 volentia,
367 512 427 555 tnm
439 506 524 556 etiam
535 507 670 557 societate
681 507 749 556 iuris
761 505 918 557 contineri?
942 505 1022 567 Quae

214 591 298 643 quum
309 590 375 626 vera
387 590 447 626 esse
458 581 543 638 recte,
554 581 585 626 ut
595 576 724 638 arbitror,
735 575 963 637 concesserimus,
975 581 1021 642 qiu*

213 645 269 701 iem
280 645 346 696 licet
358 645 438 695 nobis
449 660 466 695 a
477 651 578 697 nature
588 646 665 712 leges
677 651 705 697 et
716 646 778 696 iura
792 645 939 712 seiungere
950 645 961 694 'l
979 646 1021 697 36.

213 715 252 766 Μ.
264 715 351 766 Recte
363 715 446 766 dicis:
463 721 492 767 et
501 729 547 767 res
558 715 599 766 sic
609 731 640 767 se
652 714 744 766 hebet.
781 713 886 766 Verum
897 714 1022 784 pbiloso-

215 784 335 852 phorum
346 801 432 845 more,
444 799 497 835 non
509 790 634 836 veterum
647 784 757 851 quidem
768 785 895 847 illorum3
914 784 965 836 sed
976 800 1022 835 eo·

217 869 287 916 rum,
300 854 939 922 quiquasiofficinasinstruxeruntsepientiee:
952 869 1032 920 quae¹

216 924 279 977 fuse
295 924 361 974 olim
372 924 588 991 disputabuntur
599 940 632 976 ae
646 925 746 987 libere,
766 939 801 974 ea
811 940 882 975 nunc
893 923 1022 975 articule-

217 994 268 1046 tim
279 994 466 1061 distincteque
482 994 621 1046 dicuntur.
658 994 717 1046 Noc
731 994 804 1045 enim
819 994 952 1046 satisfieri
962 1010 1022 1045 een·

217 1068 279 1115 sent
290 1061 355 1114 huic
365 1063 437 1126 loco,
458 1065 505 1130 qui
516 1080 588 1115 nune
598 1069 642 1115 ost
650 1065 679 1114 in
689 1064 827 1128 menibus,
847 1064 903 1115 nisi
912 1079 1021 1131 separe·

214 1134 266 1189 tim
277 1130 439 1199 hocipsum,
459 1140 574 1186 naturae
586 1149 650 1186 esse·
657 1135 711 1197 ius,
730 1134 908 1200 disputarint.
943 1136 1021 1186 Are.

215 1203 253 1253 Et
264 1202 371 1254 scilicet
381 1209 432 1253 tua
441 1203 559 1255 libertas
570 1203 724 1255 disserendi
739 1206 842 1255 emissa
852 1210 907 1256 est:
929 1210 980 1254 aut
991 1210 1032 1255 tu*

217 1273 240 1323 is
250 1287 293 1334 es,
315 1272 403 1339 quiin
417 1272 585 1340 disputando
600 1288 654 1324 non
663 1280 743 1324 tuum
753 1274 885 1324 iudicium
898 1288 1022 1341 sequare,

217 1341 267 1394 scd
278 1340 443 1394 auctoritati
457 1344 578 1394 aliorum
588 1343 704 1410 pareest
719 1343 765 1396 37.
776 1343 815 1394 Μ.
825 1343 890 1397 Νοιι
906 1343 1022 1410 semper,

188 1444 192 1449 ,
210 1413 296 1464 Tite:
319 1412 367 1464 sed
383 1413 438 1464 iter
452 1411 534 1464 huius
551 1414 686 1469 semeonis
697 1413 771 1481 quod
784 1413 836 1475 sit,
856 1413 946 1465 rides.
981 1410 1022 1463 dd

218 1482 392 1550 respublicas
402 1482 566 1547 firmendas,
589 1489 618 1537 et
632 1484 668 1536 ad
679 1483 861 1536 stabiliendas
873 1484 961 1547 vires,
980 1480 1032 1534 se?

218 1553 325 1605 nendos
336 1555 468 1620 populos,
490 1553 578 1605 omnis
593 1562 694 1606 nostre
709 1554 801 1621 pergit
811 1554 912 1607 oratio.
952 1554 1032 1616 Qun-1

209 1625 296 1680 ,circa
306 1638 404 1676 vereor
416 1622 600 1687 committeie,
611 1629 708 1676 utnon
718 1625 787 1676 bene
799 1624 913 1690 provisa
925 1627 955 1676 et
965 1624 1024 1674 dill-

219 1700 317 1761 genter
333 1693 479 1760 explorata
495 1694 799 1761 principiaponentur:
820 1689 872 1745 nec
884 1701 980 1747 tamen
997 1698 1032 1745 uti

219 1764 346 1815 omnibus
360 1763 527 1829 probentur,
548 1766 623 1825 (nam
634 1764 741 1816 isi-fieri
751 1779 805 1814 non
815 1769 922 1830 potest)
934 1763 1032 1817 sedut

219 1833 264 1893 iis,
283 1833 330 1898 qui
342 1834 435 1883 omnia
444 1838 522 1885 recta
533 1837 615 1900 atque
627 1832 753 1896 honesta,
768 1848 859 1899 perse
870 1832 1025 1901 expetenda

220 1902 368 1965 duxerunt,
380 1908 468 1954 etant
479 1901 548 1954 nihil
560 1903 672 1953 omnino
682 1903 710 1953 in
720 1904 801 1954 bonis
813 1904 1032 1965 numerandum,

218 1969 357 2038 nisitquod
366 1988 416 2038 per
426 1972 547 2039 seipsum
558 1972 701 2025 laudabile
711 1979 798 2035 esset,
819 1979 869 2024 aut
881 1980 958 2038 certe
970 1972 1026 2024 nul-

218 2041 277 2091 lum
287 2039 444 2093 habendum
459 2058 589 2111 magnum
600 2043 717 2106 bonum,
738 2043 793 2094 nisi
804 2043 879 2110 quod
890 2059 958 2095 rere
968 2044 1025 2094 len·

218 2109 281 2161 dari
291 2127 342 2163 sua
352 2118 451 2179 sponte
468 2117 578 2177 posset:
599 2111 642 2164 his
654 2113 782 2167 omnibus
797 2115 869 2177 (sire
880 2114 911 2164 in
921 2112 1032 2178 Acade,

217 2180 276 2232 mia
295 2188 389 2233 vetere
411 2197 472 2232 cum
489 2180 658 2249 Speusippo,
679 2182 851 2245 Xenocrate,
874 2183 1024 2235 Polemone

217 2258 391 2302 manserunt:
411 2250 454 2302 38.
469 2252 529 2303 sive
543 2253 722 2305 Aristotelem
743 2260 772 2305 et
790 2252 1032 2321 Theophrastum„

218 2334 280 2371 curn
300 2320 408 2371 illisne
429 2327 627 2386 congruentes,
648 2338 749 2391 genere
762 2322 882 2374 docendi
900 2322 1032 2390 paullum*

159 2397 163 2404 ·
218 2386 394 2451 differentes,
415 2391 504 2439 secuti
519 2399 595 2441 sunt:
615 2392 688 2455 sire,
707 2399 739 2443 ut
749 2393 857 2450 Zenoni
872 2395 964 2445 risum
974 2395 1027 2452 est,

215 2458 300 2510 rebus
311 2474 365 2508 non
376 2460 562 2522 commutatis,
570 2461 789 2515 immutaverunt
797 2464 951 2515 vocabule:
967 2462 1025 2513 sire

216 2527 303 2578 etlam
314 2527 453 2577 Aristonis
464 2527 604 2582 difficilem
616 2538 699 2599 atquc
711 2532 835 2595 arduam,
855 2533 908 2586 sed·
917 2534 975 2584 iam
984 2538 1032 2582 te·

63 2613 78 2630 ·
129 2632 131 2640 κ
216 2610 278 2647 men
290 2593 409 2646 fractam
421 2601 450 2646 et
459 2599 617 2650 convictam
628 2607 731 2654 sectam
738 2603 828 2654 secuti
837 2609 911 2666 sunt,
920 2609 961 2663 ut,
974 2600 1032 2651 rir-

216 2665 322 2715 tutibus
333 2665 457 2734 exceptis
469 2672 553 2736 etque
563 2669 651 2735 vitiis,
663 2679 757 2728 cetera
764 2671 794 2724 in
803 2687 915 2727 summa
926 2686 1032 2748 nespul-¹

642 2754 648 2778 Ι
