2084 3025
145 105 152 131 l

200 129 255 184 eoo
465 122 525 175 oc
547 99 751 186 urricusv
825 178 831 186 ,

200 229 338 301 petuitatc
348 226 487 294 possimus
498 226 717 291 nobismetipsis,
738 240 789 276 nec
802 224 831 275 in
840 224 901 275 ullo
911 222 1005 275 officio

202 291 369 353 claudicare.
405 292 465 348 120.
486 294 529 345 Ad
539 293 610 344 hanc
620 301 712 345 autem
722 296 861 345 rationem
874 292 1006 359 quoniam

203 368 351 420 maximam
369 364 425 414 rim
447 370 547 413 natura
570 361 669 423 habet,
699 362 820 422 fortuna,
835 362 1006 426 proximaret

203 437 346 501 utriusque
358 432 467 483 omnino
479 430 606 482 habenda
616 432 690 480 ratio
701 437 743 481 ost
757 432 788 481 in
797 431 947 497 deligendo
958 439 1013 495 gei

203 497 370 563 aaronitae,
392 501 441 552 scd
458 507 573 550 naturae
588 500 687 564 magis.
722 499 814 562 Multo
832 501 904 550 enim
921 502 1010 563 etlir-

127 629 132 642 x
203 575 276 625 mior
293 577 340 624 est
361 576 389 622 ct
408 570 592 631 constantior:
613 574 644 618 ut
662 566 780 619 fortuna
800 583 1012 633 nonnumquam

203 644 272 710 ipsa,
293 639 420 692 mortalis
430 655 490 689 cum
501 638 655 704 immortali
665 644 766 689 natura
777 653 903 703 pugnare
912 637 1011 688 videa·

204 719 257 763 tur..
295 711 350 771 Qui
363 709 451 775 igitur
467 708 502 758 ad
519 712 635 757 naturae
644 721 714 757 suae
724 722 778 757 amn
789 707 909 756 vitiosae
920 722 1012 772 genus

204 780 350 833 consilium
361 776 481 839 uiuendi
502 791 582 827 oniae
598 775 758 837 contulerit,
774 776 1013 825 ,inconstantiam

204 855 312 902 teneat,
343 846 375 897 ld
387 847 458 897 enirn
470 845 589 917 manime
600 844 692 895 dccet:
708 844 761 895 nisi
770 844 844 895 forte
856 844 1013 897 seintelle·

204 920 276 971 xerit
287 932 393 969 errasse
401 916 431 965 in
442 913 591 980 deligendo
601 913 701 979 genere
711 916 795 963 ritae.
831 912 916 973 Quod
927 912 1013 963 siac-

205 987 536 1052 cideritx(potcstautem
547 983 688 1043 accidere)
705 981 834 1034 facienda
847 997 962 1032 morum
973 982 1014 1032 in·

204 1058 420 1117 stitutorumque
440 1052 559 1103 mutatio
581 1058 631 1103 cst.
663 1052 738 1103 Ean
758 1051 963 1112 mutationem,
988 1049 1015 1100 si

205 1125 332 1190 tempora
346 1121 530 1182 adiuvabant,
549 1119 662 1173 facilius
679 1119 906 1185 commodiusque
917 1118 1015 1171 facie·

205 1208 279 1244 mus:
290 1191 333 1241 sin
344 1193 441 1252 minus,
452 1190 553 1241 sensim
562 1190 852 1255 eritpedetentimque
863 1187 1014 1258 facienda:

205 1269 237 1313 ut
249 1260 393 1320 anrioitias,
405 1274 474 1325 quae
485 1260 573 1310 miuus
585 1258 730 1320 delectent,
749 1266 776 1309 et
787 1259 878 1308 urinas
887 1258 1016 1323 proben-

205 1338 258 1392 tur,
273 1330 360 1396 magis
373 1328 470 1380 decere
482 1328 744 1393 censentnauicntes
755 1328 857 1378 sensim
870 1327 1031 1386 dissuere„

207 1416 288 1468 quam
303 1404 417 1464 repente
435 1398 603 1463 praecidere.
638 1394 698 1447 121.
718 1398 896 1447 Commutato
911 1402 1015 1452 autem

172 1491 177 1498 ’
205 1484 305 1539 genere
315 1470 397 1529 vitae,
408 1468 484 1517 omni
495 1468 605 1519 ratione
617 1466 766 1519 curandum
778 1472 828 1528 cst,
850 1469 882 1515 ut
893 1466 923 1516 id
934 1465 1015 1517 beno

207 1540 323 1602 consilio
335 1537 433 1589 fecisse
445 1534 597 1589 videamur.
624 1536 680 1588 Sed
692 1536 818 1602 quoniam
832 1536 931 1601 paullo
946 1541 1017 1587 ante

206 1608 380 1667 dictumest,
401 1606 552 1656 imitandos
572 1622 631 1657 csse
646 1606 778 1655 maiores:
798 1606 920 1671 primunr
936 1603 1017 1655 illud

207 1683 349 1743 exceptum
360 1677 410 1737 sit,
431 1691 465 1726 nc
474 1676 545 1725 vitia
555 1676 610 1725 sint
620 1673 768 1724 imitanda:
790 1673 905 1736 deinde,
925 1674 954 1724 si
966 1690 1017 1725 na·

206 1755 269 1799 tura
280 1756 333 1796 non
344 1745 424 1804 feret,
435 1750 466 1794 ut
476 1744 610 1810 quaedam
621 1744 728 1794 imitari
738 1742 875 1809 possi[n]t3
885 1748 918 1792 ut
928 1758 1017 1809 supc-

205 1816 288 1867 rioris
298 1813 420 1866 Africani
432 1813 517 1873 filius,
536 1815 581 1881 qui
592 1812 664 1863 hunc
674 1811 771 1862 Paullo
783 1818 879 1862 natum
890 1811 1017 1878 adopta·

204 1885 260 1945 vit,
279 1881 589 1949 propteriulirmitatem
602 1880 768 1941 valetudinis
779 1896 832 1931 non
842 1885 902 1930 tam
913 1881 1017 1945 potuit

109 1968 117 1974 “
205 1955 297 2020 patris*
308 1951 408 2002 similis
424 1967 497 2011 esse,
520 1967 600 2017 quarn
617 1949 835 2003 illciueratsui.
872 1948 906 1999 Si
919 1950 1017 2017 igitur

206 2035 260 2071 non
281 2021 383 2086 poterit
403 2021 460 2072 sire
475 2035 586 2071 caussas
597 2019 778 2081 defensitare,
799 2019 856 2069 sive
870 2021 1015 2084 populum

207 2089 384 2140 concionibus
404 2095 511 2152 tenere,
533 2090 591 2140 sive
611 2088 686 2138 bclla
705 2103 817 2154 gerere:
838 2087 892 2138 illa
914 2095 1015 2141 tannen

204 2164 349 2224 praestare
361 2157 478 2218 debebit,
498 2173 567 2223 quae
577 2163 657 2208 erunt
666 2158 693 2206 in
705 2159 792 2223 ipsius
801 2163 960 2223 potestate,
973 2159 1004 2208 ia

207 2226 320 2289 stitiam,
338 2225 427 2287 iidem,
445 2227 651 2289 liberalitatem,
663 2225 836 2288 modestiam,
850 2231 1017 2291 temperan-

205 2296 290 2358 tiam,
312 2308 364 2361 quo
379 2295 468 2345 minus
483 2297 517 2346 ab
534 2311 566 2346 eo
585 2296 628 2356 id,
650 2295 723 2360 quod
733 2295 818 2355 desit,
837 2295 1017 2360 requiratur.

207 2364 317 2431 Optima
337 2368 427 2413 autern
438 2360 583 2433 hereditas
599 2380 615 2413 a
622 2364 751 2433 patribus
766 2362 889 2413 traditur
899 2363 1017 2428 liberis,

207 2434 334 2500 omnique
346 2433 512 2498 patrimonio
520 2433 718 2502 praestantior,
739 2432 829 2499 gloria
838 2431 959 2483 virtutis
972 2449 1018 2486 ra·

202 2514 318 2569 rumque
334 2507 485 2568 gestarum:
508 2502 553 2553 cui
573 2501 703 2555 dedecori
717 2517 792 2564 esse,
811 2499 892 2552 nefas
912 2508 943 2553 ct
960 2504 1018 2555 im-

201 2569 524 2637 piumiudicandnmest.
981 2610 992 2619 ,

253 2637 380 2691 xxxiv.
399 2634 457 2691 122.
475 2638 513 2689 Et
529 2640 658 2706 quoniam
673 2638 829 2692 officianon
839 2637 946 2691 eadem
958 2640 1025 2723 ‘¹³²2
