2084 3025
7 151 9 184 l

213 136 298 192 LlB.'
314 139 353 193 11.
382 135 467 193 csl’.
484 140 529 194 47.
543 139 588 195 48.
605 139 649 195 lo.
799 139 835 197 96

39 253 83 310 que
91 242 231 295 sollertia:
243 244 310 295 utin
323 245 471 307 araneolis,
483 245 557 298 alico
568 246 648 314 quasi
660 249 834 308 retetcxuut,

36 318 68 375 ut,
86 313 185 380 siquid
195 311 360 375 inhaeserit,
382 315 541 366 conficiant:
555 316 637 368 aliae
647 313 739 368 ahtem
750 327 785 367 cx
795 316 836 366 in·

35 384 139 449 opinato
151 384 303 434 observant
314 390 351 446 et,
362 384 387 433 si
397 384 464 450 quid
475 384 582 447 incidit,
594 386 739 451 arripiunt,
751 384 836 451 idque

37 459 205 502 consumunt·
237 453 306 505 Pina
320 467 404 514 roro,
425 453 436 515 (
442 454 484 504 sic
499 455 572 505 cuim
587 454 694 507 Graeco
709 454 835 515 dicitur),

36 521 132 573 duabus
144 522 297 589 grandibus
307 523 406 589 patula
417 522 543 585 conchis,
563 539 624 575 cum
636 539 723 591 parva
732 523 835 591 squilla

37 591 105 657 quasi
115 592 284 644 societatem
295 593 353 643 coit
363 592 544 659 comparandi
556 593 624 644 cihi:
644 595 741 662 ltaque
751 605 835 660 quum

38 660 157 726 pisciculi
183 663 262 728 parri
280 662 309 712 in
332 659 466 713 concham
486 659 611 715 hiantem
625 661 835 722 inuataverunt,

36 736 87 780 tum
101 730 246 782 admonita
263 732 385 798 squillae
400 730 466 798 pina
485 747 581 786 nrorsu
598 732 759 799 comprimit
773 745 837 781 corr·

37 795 105 851 chus.
137 798 187 851 Sic
202 801 399 852 dissimillimis
412 802 540 852 bestiolis
562 802 745 852 communiter
760 800 838 851 cibus

36 869 181 933 quaeritur.
218 867 280 921 124.
299 871 330 921 ln
346 884 401 936 quo
421 870 615 921 admirandum
632 875 689 931 est,
709 882 837 937 congres-

35 953 96 989 sune
115 938 212 1004 aliquo
234 939 309 990 inter
324 954 367 1001 se,
389 954 424 989 an
437 941 495 990 iam
511 938 577 992 imle
592 939 627 990 ab
642 945 707 990 ortu
720 946 838 989 naturae

33 1005 107 1072 ipsae
126 1015 316 1073 congregatae
336 1009 402 1059 sint.
438 1009 491 1059 Est
505 1009 592 1060 etiam
608 1003 756 1060 admiratio
772 1022 838 1058 non·

32 1076 106 1126 nulla
114 1077 146 1126 iu
156 1076 254 1127 hestiis
266 1077 434 1142 aquatilibus
441 1078 489 1140 ils,
499 1079 570 1145 qu'ae
582 1074 770 1145 gigrruntu'r'lh
781 1084 838 1128 terr

31 1159 73 1196 ra:
91 1145 183 1195 veluti
198 1145 334 1196 crocodili
345 1144 552 1213 fluviatilesque
565 1146 732 1208 testudines,
754 1162 837 1215 quae⁴

33 1213 147 1282 lamque
158 1222 304 1280 serpentes
320 1221 400 1267 ortae
415 1221 495 1267 extra
504 1232 620 1284 aquam,
640 1215 771 1268 simulac
783 1217 837 1284 pri·

31 1298 99 1334 mum
110 1284 306 1349 nitipossunt,
319 1299 418 1352 aquam
427 1293 637 1354 persequuntur.
663 1286 739 1352 Quin
750 1287 835 1338 etiam

31 1361 219 1414 anatnmora
239 1353 355 1420 gallinis
366 1367 457 1420 saepe
477 1355 670 1421 supponimusq
700 1370 716 1407 e
736 1355 838 1423 quihus

32 1424 95 1489 palli
110 1424 171 1475 orti
187 1423 307 1489 primum
324 1422 435 1473 aluntur
450 1424 485 1474 ah
501 1422 559 1486 his,
577 1430 610 1476 ut
624 1425 799 1485 amatrihus,
817 1436 837 1477 a
890 1423 893 1430 ⁴

31 1495 127 1561 quihus
143 1492 256 1545 exclusi
273 1492 381 1560 fotique
400 1499 480 1545 sunta
496 1492 594 1547 deinde
606 1509 656 1547 eas
666 1493 835 1560 relinquunt,

31 1563 204 1630 eteffugiunt
214 1568 373 1628 sequentes,
394 1563 607 1630 quamprimum
622 1578 737 1630 aquam,
757 1562 837 1629 quasi

30 1633 182 1684 naturalem
193 1631 317 1693 domum,
330 1630 424 1684 videre
436 1639 595 1699 potuerunt.
630 1632 750 1684 Tantam
762 1631 836 1700 inge·

29 1702 84 1752 nuit
99 1701 293 1754 animantibus
312 1702 494 1754 conservandi
504 1701 549 1752 sui
558 1707 660 1753 natura
669 1700 834 1754 custodiam

29 1769 124 1822 XLIX.
144 1771 219 1837 Legi
234 1771 319 1822 etiam
335 1772 481 1837 scriptum,
503 1786 565 1823 esse
581 1786 660 1823 avem
676 1769 834 1838 quamdam

32 1840 234 1905 quaePlatalea
244 1842 448 1892 nominaretur:
458 1856 520 1893 eam
532 1841 586 1892 sihi
598 1841 688 1893 cibum
699 1856 833 1908 quaerere
896 1880 899 1885 -

32 1909 208 1961 advolantem
219 1910 312 1961 adeas
321 1924 400 1973 ares,
421 1926 490 1977 quae
502 1924 532 1962 se
541 1911 572 1961 in
582 1911 653 1962 mari
662 1920 835 1979 mergerentr

32 1993 95 2044 quae
107 1995 196 2047 quum
207 1981 394 2040 emersissent,
413 1981 571 2046 piscemque
582 1981 730 2048 cepissent,
745 1995 834 2048 usqua

31 2061 60 2099 eo
69 2064 200 2115 premere
210 2064 305 2099 earum
316 2050 408 2115 capita
418 2050 566 2113 mordicus,
571 2050 636 2102 dum
647 2046 713 2102 illac
723 2059 833 2119 captum

30 2121 203 2182 amitterent3
223 2119 253 2168 id
264 2118 336 2187 quod
346 2120 407 2185 ipsa
417 2119 569 2172 invaderet.
593 2118 753 2187 Eademque
765 2120 833 2172 haec

31 2187 81 2238 aris
102 2188 241 2239 scribitur
261 2187 371 2239 conchis
392 2204 422 2240 se
442 2189 533 2241 solere
550 2189 704 2257 complere,
723 2205 834 2259 easque,
912 2254 916 2257 ¹

32 2270 108 2320 quum
125 2256 269 2309 stomachi
284 2258 378 2309 calore
391 2259 565 2322 concoxerit,
586 2274 728 2322 evomere,
750 2266 833 2326 atque

32 2323 183 2395 itaeligere
195 2327 288 2388 exiis,
309 2335 381 2393 quae
395 2335 460 2378 sunt
471 2328 622 2381 esculenta.
659 2324 718 2380 125.
737 2328 833 2380 Ranae

33 2400 117 2459 antem
134 2397 263 2448 marinae
278 2396 407 2446 dicuutur
422 2398 541 2449 obruere
554 2413 616 2451 sese
632 2410 717 2450 arena
732 2398 834 2456 solere,

32 2469 53 2512 et
64 2467 178 2531 moseri
194 2478 283 2532 prope
302 2480 415 2531 aquam:
436 2466 471 2517 ad
489 2481 572 2533 quas,
594 2467 674 2534 quasi
685 2464 722 2517 ad
733 2480 834 2524 escam,

32 2532 116 2596 pisces
127 2544 213 2601 quum
225 2535 409 2593 accesserint,
430 2536 528 2586 coulici
539 2537 654 2598 arania,
675 2541 760 2598 atquc
771 2547 834 2582 cou-

30 2605 103 2656 trmi.
124 2604 215 2655 Milvo
227 2610 270 2656 est
281 2603 419 2668 quoddam
429 2600 535 2655 bollum
546 2604 625 2670 quasi
633 2600 762 2653 naturale
772 2612 835 2649 cum

26 2684 128 2725 corros
157 2673 327 2741 Ergo'alte'r·
340 2672 455 2724 alterins
463 2706 471 2735 ,
480 2698 483 2701 ,
491 2670 659 2738 uhicmnque
674 2664 773 2722 sachis
784 2672 835 2725 est,
