2084 3025
113 113 117 126 ’
168 124 202 175 36
350 113 594 176 Dra-NATURA
612 120 791 176 Duorum

170 240 252 292 posse
263 224 462 276 decreverunt?
478 224 523 278 Ne
534 222 587 276 hoc
597 224 708 291 quidem
719 235 774 276 ros
783 233 891 289 meret,
908 241 973 279 con·

168 291 336 354 sideramus,
359 294 479 360 quaesit
494 293 617 355 utilitas,
638 310 762 361 quaeque
775 298 974 362 opportunitas
1031 297 1033 302 '

167 365 198 414 in
207 363 318 414 homine
329 363 522 426 membrorum,
537 371 569 414 ut
579 364 718 425 iudicetis,
734 366 866 417 membris
878 364 974 417 huruu-

86 431 88 436 ’
170 436 212 490 nie
224 432 299 485 Deos
310 448 364 483 non
373 432 473 498 egerci
484 434 557 495 Quid
568 434 640 485 enim
650 433 766 499 pedibus
777 450 845 501 opus
858 437 976 487 estsine

170 503 313 570 ingressui
330 502 396 568 quid
406 502 541 565 manibus,
552 504 577 554 si
588 501 658 553 nihil
670 502 976 569 comprehendendumi

170 572 237 640 quid
248 572 356 637 reliqua
369 572 554 638 descriptione
570 572 690 624 oninium
705 574 831 639 eorporis
842 576 976 640 partium,

169 643 202 696 io,
210 657 264 708 qua
272 640 343 692 nihil
352 642 442 704 inane,
459 641 530 692 nihil
539 642 598 694 sine
610 658 717 705 caussa,
727 640 798 693 nihil
808 640 977 709 supervaca-

170 727 252 764 neum
269 709 329 763 esti
349 712 447 779 ltaque
463 711 541 763 nulla
553 728 597 762 ars
607 712 713 764 imitari
728 710 883 764 sollertiam
896 720 977 763 natu·

170 786 334 847 raepotost.
364 781 487 834 Habebit
497 782 585 849 igitur
596 782 720 848 linguam
731 780 815 844 Deus,
827 789 856 834 et
866 800 923 833 non
935 783 977 832 lo·
1010 830 1014 835 .

109 885 116 892 ,
171 858 281 920 quetur:
300 851 409 915 dentes,
427 852 566 918 palatum,
586 850 680 902 fauces
700 851 805 901 nullum
825 852 860 903 ad
878 862 978 902 usum:

172 922 508 988 quaequoproereationis
519 930 622 987 caussa
628 928 730 971 natura
738 922 850 987 corpori
855 921 980 983 ollinxit,

172 1006 206 1043 ea
215 989 320 1043 frustra
337 988 452 1043 habebit
462 991 552 1042 Deus:
574 1006 624 1041 nec
638 997 754 1041 externa
769 990 872 1057 magis,
892 1005 978 1057 quum

172 1060 313 1120 interiora,
326 1075 383 1122 cor,
394 1061 548 1125 pulmones,
560 1060 644 1120 iecur,
658 1066 765 1123 cetera3
784 1059 826 1111 93.
839 1076 918 1127 quac,
931 1061 980 1111 de·

172 1135 263 1181 tracta
274 1128 407 1190 utilitate,
423 1129 487 1195 qrrid
498 1128 603 1180 habent
613 1129 786 1190 venustatis?
804 1130 982 1196 quandoqui-

173 1199 235 1251 dcm
246 1196 314 1249 haec
325 1213 387 1250 esse
395 1199 425 1249 in
437 1198 497 1249 Deo
506 1206 623 1264 propter
633 1197 869 1264 pulchritudinem
880 1199 982 1251 voltis.

172 1269 276 1328 lstiene¹
288 1267 404 1320 fidentes
421 1268 535 1319 somniis
550 1284 605 1318 non
621 1267 703 1319 modo
720 1269 858 1334 Epicurus
873 1279 902 1319 et
918 1269 984 1318 lile.

173 1338 303 1390 trodorus
315 1336 647 1402 et‘Hermarchuscontra
658 1337 862 1404 Pythagoram,
883 1338 984 1389 Plato·
1029 1395 1031 1398 v

99 1415 101 1418 ’
142 1420 149 1425 ’
174 1424 249 1469 nem,
279 1407 532 1473 Empedoclemque
558 1408 699 1468 dixerunt,
728 1403 777 1458 sed
797 1408 998 1460 meretricula⁴⁴
1021 1405 1025 1414 ’

142 1511 146 1517 -
173 1475 258 1531 etiem
268 1477 417 1531 Leontium
433 1483 531 1529 contra
541 1476 762 1543 Theophrastum
774 1477 897 1530 scribare
909 1493 985 1531 ausa

89 1559 90 1563 ’
173 1549 227 1603 riti
246 1550 318 1600 scito
330 1548 380 1599 ille
389 1547 500 1615 quidem
510 1564 638 1599 sermone
650 1548 791 1611 etAttico,
812 1548 984 1602 scd'tamen.

173 1621 293 1672 Tantum
305 1619 419 1685 Epicuri
430 1617 526 1669 hortus
542 1617 639 1668 hebuit
654 1617 795 1669 licentiae.
831 1617 867 1667 Et
877 1618 984 1671 soletis

173 1691 262 1756 queri:
283 1690 357 1740 Zeno
378 1689 490 1755 quidem
511 1688 594 1739 ctiam
615 1688 753 1751 litigabat.
791 1686 863 1746 Quid
885 1687 984 1741 dicam

78 1750 80 1755 ⁸
172 1759 331 1811 Albutiuml
351 1758 422 1811 Nam
431 1756 558 1809 Phaedro
577 1755 646 1807 nihil
658 1757 827 1823 elegantius,
848 1754 985 1810 nihilho-

173 1830 291 1881 manius
326 1827 380 1880 Sed
390 1826 618 1878 stomachabatur
627 1841 720 1885 senex,
738 1825 837 1892 siquid
849 1829 985 1892 asperius

174 1899 313 1963 dixerami
334 1912 417 1964 quum
429 1895 564 1960 Epicurus
583 1895 861 1946 contumeliosissime
871 1898 986 1950 Aristu-

174 1968 259 2035 telem
271 1966 428 2027 rexurerit:
439 1958 579 2023 Pheedtmi
592 1962 736 2025 Socratico
747 1966 907 2030 turpissime
919 1982 987 2019 ma-

99 2040 105 2055 ‘
172 2039 315 2093 [edixerim
332 2033 498 2095 Metrodori,
514 2032 619 2083 sodalis
630 2034 681 2095 sni,
698 2033 821 2095 fratrem,
833 2035 987 2090 Timocra-

173 2117 238 2169 tem,
250 2108 315 2174 quia
325 2105 418 2157 nescio
429 2102 495 2170 quid
505 2102 533 2152 iu
541 2099 894 2170 philosophiadissentiret,
906 2110 988 2160 totis

171 2176 358 2231 voluminibus
371 2172 534 2225 conciderit:
547 2174 575 2223 in
581 2172 772 2225 Democritum
783 2173 884 2238 ipsum,
893 2190 999 2241 quern:

172 2253 284 2301 secutus
291 2251 343 2308 est,
353 2243 578 2310 fueritingratus:
589 2242 805 2310 Nausiphanem,
811 2243 998 2312 magistrum·

119 2319 125 2324 ’
173 2332 260 2376 suum,
274 2332 291 2366 a
302 2330 355 2383 quo
366 2329 421 2365 non
430 2313 499 2364 nihil
509 2312 655 2375 didicerat,
674 2319 732 2364 tam
742 2312 815 2364 male
827 2315 992 2380 acceperit.

172 2384 300 2438 XXXW.
311 2386 385 2436 Zeno
397 2384 508 2450 quidem
519 2397 575 2434 non
586 2398 635 2435 eos
647 2383 748 2444 solum,
760 2382 875 2457 quitum
886 2396 994 2451 erant,

172 2455 385 2522 Apollodorum,
408 2452 532 2521 Syllum,
552 2458 660 2504 ceteros
681 2453 785 2518 figebat
803 2452 996 2524 maledictis3

172 2523 222 2577 sed
232 2520 377 2589 Socratem
388 2523 487 2589 ipsum,
506 2527 649 2596 parentem
660 2512 861 2586 philosophiae,
872 2520 997 2581 Latino

162 2595 258 2647 ‘verbo
273 2600 367 2656 utens,
389 2608 514 2644 scurram
529 2592 652 2643 Atticum
668 2589 774 2656 [fuisse]
790 2589 914 2642 dicebat:
935 2595 998 2650 94,

174 2665 358 2739 Chrysippum
369 2676 517 2731 numquam
528 2661 581 2712 nisi
591 2657 758 2728 Chosippum
768 2658 897 2722 vocabat.
937 2664 1015 2720 'ruf
