2084 3025
189 136 240 189 398
455 136 512 186 DE
534 91 722 187 orrlcust

189 253 247 289 non.
266 233 397 305 optimas,
410 237 474 289 sad·
490 238 552 288 siliis
563 235 872 289 accommodatissimas*
881 234 993 290 lalinlas

189 308 309 374 eligunt..
342 308 396 369 Qui
407 321 475 359 voce
486 307 552 358 frati
564 312 636 367 sunt,
655 306 798 373 Epigonos
809 305 994 372 Medumque:

190 380 237 443 qui
258 382 351 443 gasto,
371 376 572 442 Menalippam,
596 377 869 443 Clytaemnastrnmr-
884 388 995 440 sompes

190 446 331 511 Rupilius,
353 461 432 512 quom
449 444 640 513 ogoamemini,
661 445 820 508 Antiopam:
841 458 1001 508 noosacpc'

88 533 94 540 ⁸
190 516 315 579 Aesopus
325 516 445 568 Aiacem.
482 516 557 580 Ergo
567 512 731 564 liistrio-ltoc
744 513 852 563 videbit
861 514 889 562 in
900 513 1001 573 scona,-

192 598 252 634 non·
261 583 370 634 videbit
386 586 428 634 vir
442 584 552 650 sapiens
567 582 685 636 invitat
704 581 745 632 Ad
762 597 829 646 quas
845 581 936 647 igitur.
948 595 995 631 res

192 653 330 717 aptissimi
351 654 464 715 emmas,
485 655 515 703 in
535 653 570 702 iis
585 653 758 717 potissimum
775 650 995 701 elaborabimus

193 719 241 771 Sin
254 722 403 787 aliquando
414 723 565 773 necessitas
577 736 627 771 nos
646 721 681 771 ad
694 736 729 770 cn
738 719 903 779 detruserit,
924 733 996 785 quaa

193 792 282 841 nostri
293 792 395 857 ingenii
406 798 563 841 nonorunt:
584 792 674 845 omnis
687 787 842 840 adhibenda
853 788 909 839 orit
920 803 998 849 cura,

194 859 349 922 moditatio‚
362 860 516 927 diligentia,
532 865 617 921 utca,
636 860 724 910 sinon
735 857 848 918 dacore,
871 862 996 923 atquam

191 929 303 980 minimo
315 930 446 981 indecoro
457 927 550 980 facero
562 928 705 994 possimus.
742 921 801 978 Nae
815 931 872 977 tam
883 933 927 977 est
939 944 949 977 ε,
958 927 998 975 :.i·

192 998 311 1058 tondum,
322 1006 353 1048 ut
363 1000 521 1064 bonas-quac
533 999 610 1049 nobis
622 998 687 1047 data
697 999 825 1057 nonsint,
836 1010 997 1061 sequamur,

192 1081 272 1132 quam
287 1074 317 1116 ut
326 1067 395 1132 vitia
406 1066 554 1133 fugiamus.
590 1067 703 1117 xxxii.
715 1062 773 1116 t15.
791 1066 830 1115 Aa
841 1065 949 1115 duabus
959 1065 997 1115 iis

192 1137 325 1202 pantonis,
338 1150 405 1201 quas
416 1136 670 1203 supra'dixi‚tortia
679 1135 939 1201 adiungitur‚.quam
951 1150 999 1185 aa·

192 1220 238 1254 sus
249 1204 347 1270 aliqui,
368 1213 535 1271 auttcmpns
547 1206 675 1271 imponit:
698 1211 794 1270 quarta
806 1204 997 1270 atiam,.quam

192 1274 387 1339 nobismetipsi
405 1274 507 1325 iudicio
523 1282 620 1325 nostro
635 1273 891 1325 accommodamus..
922 1273 996 1325 Nam

133 1344 135 1349 '
192 1358 286 1409 regna,
300 1344 425 1409 imperia,
441 1336 611 1405 nobilitates,
628 1342 761 1405 honoras,
775 1342 899 1403 didtiac,
920 1356 998 1408 opes,

193 1427 288 1478 caque,
301 1428 369 1479 quas
380 1421 444 1463 sunt
455 1412 497 1463 lris
512 1413 658 1473 contraria,
669 1414 697 1462 in
709 1427 774 1463 casu
786 1412 851 1473 sita,
863 1412 997 1477 tempori·

165 1542 172 1559 ⁴
191 1481 242 1533 bus
254 1483 455 1551 gubernantur,
479 1482 636 1550 lpsizautom
647 1497 744 1550 garons
754 1497 833 1549 quam
846 1496 997 1549 porsonam

192 1553 317 1614 nolimus,
339 1560 462 1604 anostra
472 1553 617 1604 voluntate
629 1553 820 1618 proficiscitur.
856 1552 955 1617 ltaque
967 1567 999 1603 sc

192 1623 239 1672 alii
257 1623 291 1673 ad
306 1621 526 1689 philosophiam,
546 1622 601 1672 alii
614 1622 703 1672 adius
715 1621 810 1684 cisilo,
829 1619 926 1671 aliiad
938 1620 998 1671 clo·

148 1696 152 1700 “
192 1691 331 1756 quantiam
351 1692 505 1758 applicant:
536 1692 710 1757 ipsarumque
731 1691 865 1741 virtutum
886 1690 916 1740 in
939 1691 999 1741 alia

181 1760 264 1826 alius
275 1761 382 1811 mavult
392 1762 538 1813 excollero.
559 1758 618 1811 116.
629 1756 751 1820 Quorum
762 1775 828 1810 vero
839 1765 935 1825 patros
945 1768 998 1811 aut

191 1830 320 1897 maiores<
331 1831 425 1898 aliqua
439 1831 531 1898 gloria
548 1830 759 1895 praestiterunt,
780 1829 927 1881 ii'studcnt
937 1828 1000 1894 ple·

191 1913 307 1965 ronique
319 1900 415 1950 codem
426 1902 455 1951 in
467 1908 567 1968 gonaro
577 1898 830 1950 laudiscxoellerc:
844 1904 877 1951 ut
888 1900 924 1961 Q.
934 1897 1000 1948 Mu·

192 1967 263 2029 cius,
282 1967 312 2019 P.
324 1969 354 2020 F.
361 2005 369 2031 ,
389 1971 418 2019 in
429 1971 491 2022 iura
508 1969 600 2030 civili3
619 1967 712 2018 Paulli
723 1967 795 2017 lilius
805 1966 955 2018 Africanus
967 1968 1000 2018 in

191 2051 224 2086 ro
232 2037 357 2089 militari.
379 2038 497 2099 Quidam
509 2043 600 2088 autam
612 2036 824 2098 adoaslaudcs,
841 2052 910 2104 quas
921 2051 1001 2103 apa·

191 2100 280 2155 tribus
291 2115 465 2173 acceperunt,
473 2108 578 2158 addunt
587 2106 706 2174 aliquam
718 2120 808 2155 suam:
821 2114 852 2156 ut
862 2105 909 2157 hic
919 2106 999 2158 idom

191 2173 336 2227 Africanus
357 2177 522 2241 eloquentia:
537 2175 688 2226 cumulavit
708 2175 837 2225 liollicam
863 2175 1000 2242 gloriam.

193 2243 274 2303 Quod
285 2244 359 2295 idom
367 2242 741 2307 ·feeitTinotheus,cononis
752 2243 836 2304 illius,
848 2244 906 2310 qui,
912 2259 999 2310 quum

192 2308 260 2364 b'alli
272 2311 354 2364 laudo
366 2328 418 2363 non
429 2314 547 2366 inferior
556 2312 665 2376 fuisset,
684 2328 763 2380 quam
775 2319 865 2380 patcr,
885 2313 922 2364 ad
934 2326 1001 2365 cam

192 2381 315 2442 laudam,
338 2383 482 2435 doctrinas
500 2389 528 2434 at
542 2383 652 2449 ingenii
662 2383 781 2450 gloriam
796 2382 910 2435 adiecit.
947 2382 1001 2436 Fit

193 2456 285 2502 autem
298 2451 445 2514 interdurn,
465 2458 497 2503 ut
507 2452 641 2513 nonnulli,
656 2453 760 2502 omissa
769 2452 929 2504 imitatione
939 2464 1002 2505 ma·

137 2530 141 2536 ·
193 2519 292 2582 ionum,
303 2536 382 2571 suum
394 2520 530 2586 quoddam
541 2522 697 2571 institutum
710 2527 929 2588 consequantur:
939 2538 1004 2574 ma·

192 2589 320 2654 ximaquc
330 2590 357 2638 in
367 2596 403 2640 'eo
414 2589 575 2657 plerumque
587 2591 770 2652 elaborantii,
788 2591 835 2656 qui
848 2605 953 2656 magna
963 2592 1003 2642 si-

193 2656 222 2706 bi
236 2658 407 2724 proponunt,
429 2658 560 2710 obscuris·
570 2661 627 2711 orti
637 2660 798 2712 maioribus.
834 2657 893 2712 117.
914 2660 1003 2714 naec
