2084 3025
133 61 267 162 LIBElR
283 106 555 163 SINGULARIS.
579 108 773 165 CAP.4.5.S.
809 109 863 165 23⁷

45 217 141 272 beret.
177 212 259 266 Nunc
269 227 335 264 vero
346 211 490 276 latemur,-
501 214 578 266 souti
587 213 752 280 hebetem
770 213 865 268 saleu-

48 292 94 338 tes
105 282 278 336 imbecillius
290 283 384 345 slatus,
401 298 459 337 non
469 296 531 336 esse
542 284 573 336 id
583 285 611 336 is
621 287 712 338 nobis.
749 284 806 347 Qui
816 300 864 337 un·

50 361 109 407 tom
121 367 159 406 ex
168 368 203 405 oo
215 352 278 420 oogi
291 358 419 419 putatne
429 359 461 405 ut
470 354 616 407 sedeamus
626 355 736 423 quidem
747 362 797 407 aut
807 369 865 407 arn·

49 424 198 484 ualemus,
219 421 454 488 voluntsusesse,
474 423 565 476 isnmi
577 420 668 488 ridet,
686 440 865 493 quaequam·

50 509 105 561 que
124 508 188 544 rem
203 506 250 555 ¹res
271 499 465 560 consequatur.
501 493 539 560 Ut
553 496 625 547 anim
639 504 669 548 et
681 495 822 563 ingemosi
835 498 866 548 et

5 563 13 573 “
50 563 128 618 tardi
144 562 189 614 ite
203 568 353 617 nascantur
363 563 592 617 antecedentibus
604 566 722 628 munais,
741 565 866 632 itemquo

51 632 182 685 calentes
191 639 221 684 et
231 632 380 685 imbecilli:
400 648 456 686 nun
466 635 595 702 sequitur
605 640 713 699 tamen,
730 642 763 687 ut
777 636 866 701 etiam

50 702 155 754 sedere
170 707 199 754 et
211 701 354 755 ambulare
369 709 397 756 et
406 718 466 757 rem
476 719 560 773 agere
571 705 708 772 aliquam,
727 704 866 772 principo-

51 771 129 825 libus
140 772 246 823 causus
259 770 403 824 delinitum
415 780 444 826 et
459 775 643 826 constitutum
654 775 702 826 sit.
738 771 781 829 to.
801 772 868 827 Stil·

52 857 167 909 ponem,
177 841 351 908 Megaricum
363 841 570 911 philosophum,
582 850 694 896 anuum
704 858 771 911 sane
779 841 868 895 homi·

51 927 118 964 nera
129 917 161 962 ct
170 912 319 978 probatum
330 914 503 980 temporibus
512 914 573 966 illis
583 913 748 982 accepimus.
784 913 868 965 unse

51 981 182 1033 scribunt
191 980 279 1049 ipsius
291 979 446 1035 familiares
455 989 484 1036 et
495 985 635 1036 ebriosum
646 990 675 1037 ot
685 983 868 1064 muoaospm

52 1050 158 1103 fuisse:
177 1065 267 1118 neque
280 1047 335 1102 boc
347 1052 760 1121 scabunt.vitupersntss‚2sed
773 1059 869 1121 potsut

53 1119 90 1173 ad
100 1118 230 1184 landem3
249 1119 382 1173 vitiosam
392 1121 464 1174 enim
475 1129 604 1176 naturam
619 1124 656 1177 ab
666 1139 701 1176 eo
711 1124 755 1176 sic
765 1121 871 1177 edoni·

52 1197 113 1243 tam
125 1197 355 1257 etcompressam
367 1206 428 1247 ussa
438 1191 580 1257 doctriua,
602 1201 634 1246 nt
644 1209 726 1246 nemo
736 1202 869 1261 umqum

53 1260 232 1314 vinolentum
242 1260 336 1324 illum,
358 1262 480 1314 noraoiu
490 1278 525 1316 eo
535 1264 660 1316 libidinis
669 1263 819 1331 vestigium
830 1260 870 1312 vi·

53 1331 138 1384 derit.
175 1330 270 1394 Quint
290 1330 437 1386 Socratem
447 1348 538 1386 nonne
548 1334 675 1403 legimus,
693 1331 871 1401 quomadmo-

56 1402 123 1453 dum
132 1401 242 1453 notarit
252 1400 390 1472 Zopyrus,
405 1400 641 1471 physiognomon,
658 1404 748 1471 quise
758 1401 871 1469 prolite-

52 1472 142 1525 batur
150 1468 297 1524 nominum
309 1487 401 1525 mores
412 1476 582 1542 naturaeque
591 1488 626 1527 ex
637 1487 762 1540 corpore,
772 1470 872 1534 oculis,

55 1543 153 1606 vultu,
173 1541 266 1594 fronte
281 1542 466 1609 pernosceret
485 1544 629 1611 stupidum
651 1559 712 1595 esse
726 1540 871 1595 Socratem

56 1611 141 1675 dixit,
161 1617 192 1664 et
202 1610 330 1675 bardum,
348 1612 534 1680 quodiugula
544 1627 667 1665 concava
676 1623 732 1663 non
742 1609 871 1663 liaberet:

55 1683 221 1742 obstructas
235 1696 283 1734 aas
297 1688 393 1749 partas
408 1689 437 1735 et
451 1685 600 1741 obturatas
610 1697 671 1736 esse
680 1681 805 1744 dicebat3
825 1679 873 1732 ad

57 1751 134 1804 didit
147 1752 249 1814 etiam
268 1752 463 1804 mulierosum:
481 1753 510 1804 in
529 1766 585 1819 quo
595 1750 752 1805 Alcibiades
763 1748 873 1802 cachin-

56 1837 125 1874 num
137 1820 247 1874 dicitnr
257 1821 411 1874 sustulisse.
448 1818 491 1875 11.
502 1821 559 1875 Sed
569 1820 639 1875 baec
649 1837 683 1874 ex
695 1819 872 1873 naturalibus

58 1892 169 1945 caussis
179 1890 251 1943 vitis
260 1892 339 1944 nasci
349 1897 478 1960 possuntt
500 1891 653 1959 exstirpari
666 1896 760 1944 autem
772 1896 800 1942 et
811 1889 873 1943 fun·

60 1959 227 2022 ditnstolli‚
246 1961 395 2028 utisipse,
415 1962 463 2029 qui
477 1960 513 2014 ad
524 1976 560 2013 ea
569 1973 724 2028 propensus
733 1959 832 2024 luerit,
852 1975 873 2013 s

59 2030 147 2083 tantis
157 2030 235 2081 vitiis
246 2036 389 2094 avocetur,
406 2045 463 2083 non
471 2037 516 2083 est
526 2032 648 2098 positum
658 2030 687 2082 in
696 2031 872 2084 naturalibus
963 2085 967 2088 .

55 2099 177 2163 caussis,
199 2099 454 2163 oedinvoluntate,
475 2100 578 2164 studio,
596 2100 755 2168 disciplina.
792 2100 873 2163 Quas

60 2170 203 2224 tolluntur
217 2169 323 2234 omnia,
342 2169 369 2221 si
378 2170 421 2221 vis
433 2176 462 2223 et
472 2177 574 2223 natura
586 2170 639 2224 tati
648 2185 684 2225 ex
694 2168 873 2224 domnonia

60 2241 173 2292 rationo
184 2239 350 2293 firmabitun
378 2237 427 2292 v1.
438 2237 552 2292 Etenim
562 2241 587 2292 si
597 2247 640 2295 est
652 2240 796 2305 divinatio,
806 2252 873 2307 (μιν

61 2309 202 2362 liburnam
213 2324 232 2361 a
241 2309 380 2376 perceptis
389 2308 459 2361 artis
470 2311 674 2377 proficiscitur!
683 2317 816 2378 percepta
826 2321 874 2374 sp·

61 2380 150 2447 pello,
173 2394 244 2446 qnae
253 2378 383 2431 dicuntur
393 2378 501 2432 Graece
512 2377 688 2447 θεωρήματα.
723 2380 788 2431 Non
799 2377 874 2430 enim

61 2448 159 2511 credo,
178 2448 257 2501 nullo
267 2455 399 2516 percepto
411 2453 460 2500 aut
471 2453 581 2500 ceteros
593 2446 715 2498 unificos
724 2445 834 2501 versari
842 2444 875 2495 iu

60 2533 112 2570 suo
124 2525 251 2581 munere,
269 2524 320 2569 aut
331 2516 446 2585 eoaqni
454 2515 630 2569 divinatione
642 2521 766 2575 utantur,
777 2511 876 2568 future

77 2586 234 2639 raedicere.
270 2583 313 2637 12
332 2585 402 2638 Sunt
416 2585 504 2653 igitur
519 2584 729 2650 astrologorum
742 2584 877 2646 percepta

59 2603 232 2712 {eiusmodi
267 2654 381 2726 Siquis,
401 2655 482 2711 verbi
491 2668 605 2719 caussa,
622 2649 732 2705 oriente
742 2645 877 2704 monis
