2084 3025
179 138 182 142 ’
246 179 328 234 mn,
344 179 384 239 n
420 179 504 234 ese.
518 169 568 236 'tc
587 177 631 235 ιι.
795 180 849 236 am

28 282 99 334 risa
108 287 155 335 eet
165 281 197 333 in
208 283 301 349 quiete
313 284 489 353 obsignatum
504 282 607 338 habere
622 291 763 338 naturum.
796 285 849 338 lle·

29 352 114 403 tulit.
136 350 270 419 Negavit,
281 369 356 417 eum,
365 355 495 422 quoniam
507 354 655 422 obsignata
664 353 777 417 luisset,
786 370 848 406 wn-

32 423 133 490 πείρετε
148 422 285 488 potuisse.
319 425 356 475 nt
371 425 457 486 alter,
477 430 678 493 praegnantem
689 439 751 477 esse
765 422 847 477 dixit.

32 492 111 544 Num
121 491 207 541 inane
218 491 362 558 obsignari
374 492 444 545 nihil
455 494 555 546 solere.
592 495 671 556 Quae
682 501 726 546 est
735 495 847 546 istum
931 500 937 505 “

32 560 221 622 ωιιὶθοῐυιίε,
236 561 376 613 eludentis
387 561 518 630 ingenio!
546 564 588 614 An
599 579 642 626 ea,
657 578 728 630 qaue
740 564 807 626 uixi,
815 573 856 619 ut·

30 629 339 698 innumerabiliasquee
351 632 470 684 collecta
479 632 583 685 habent
591 631 690 694 Stoici,
699 632 846 701 quidquam

30 699 212 768 significant,
230 699 288 757 nisi
303 717 418 758 acumen
436 700 590 764 hominum,
609 717 644 754 ex
664 702 848 754 sunilitudine

28 771 148 836 aliqua,
170 769 361 821 coniecturam
374 770 458 822 modo
473 770 541 832 lius,
561 770 648 822 modo
666 770 735 822 illuc
749 770 848 825 dueen-

28 838 128 891 tiuml
155 837 265 890 Medici
277 839 360 907 signa
371 839 505 907 quaedam
520 838 624 891 hubent
638 854 674 892 ex
687 839 765 892 venie
776 846 804 892 et
814 855 847 893 ex

27 909 141 979 spiritu
157 909 280 976 aegroti:
302 909 454 976 multisque
473 924 509 961 ex
525 910 591 960 aliis
611 909 708 960 futuru
721 924 848 976 maeten-

21 983 122 1037 ,nunc
160 977 369 1029 Gubernatores
381 994 464 1045 quum
480 979 652 1030 exsultantes
666 978 798 1047 loligines
810 979 848 1030 vi·

28 1049 143 1110 derint,
151 1055 202 1098 am
212 1046 360 1113 delphinos
369 1063 400 1098 se
409 1048 439 1098 in
450 1054 563 1115 portum
573 1049 763 1110 coniicicntes,
781 1056 847 1101 tem·

26 1123 178 1189 pestatem
189 1117 343 1183 significari
353 1123 460 1184 putant.
488 1118 569 1169 Haec
580 1118 689 1171 mtione
703 1118 847 1186 explicari,

29 1187 114 1242 etad
123 1192 258 1237 naturam
267 1186 352 1238 lacile
364 1188 491 1238 reuocari
500 1194 632 1254 possunt:
645 1203 765 1253 unvero,
776 1203 847 1257 quae

29 1257 135 1327 paullo
146 1262 218 1306 ente
227 1254 294 1318 dixi,
305 1256 385 1307 nullo
394 1254 491 1309 modo.

86 1325 195 1378 LXXI.
218 1321 277 1379 luo.
297 1328 335 1377 At
348 1326 419 1376 enim
431 1325 591 1378 observatio
603 1326 748 1390 diuturna,
767 1326 847 1391 (haee

28 1398 110 1451 enim
122 1410 191 1462 pars
200 1409 257 1445 una
265 1400 365 1457 restat)
377 1395 508 1446 notandis
518 1397 601 1448 robus
611 1396 681 1448 lecit
692 1402 790 1448 antem.
806 1397 846 1447 Αιι

27 1465 150 1522 tandem
162 1464 429 1518 summouentium
444 1466 579 1533 possuntt
607 1468 734 1530 Quonam
745 1464 847 1517 model

27 1537 104 1591 Sunt
116 1536 195 1588 enim
207 1535 422 1588 innumerabiles
434 1537 597 1588 varietates.
613 1535 692 1586 Nihil
702 1542 759 1586 tum
770 1549 848 1601 prue-

25 1614 159 1680 pnstere,
177 1608 234 1654 tam
244 1604 401 1666 incondite,
412 1611 469 1655 tam
481 1611 658 1657 monstmose
669 1604 788 1670 eogitari
800 1619 848 1671 po·

24 1682 96 1738 test,
109 1672 190 1742 quud
202 1689 257 1723 non
267 1674 407 1741 possimus
417 1674 566 1728 somniare.
593 1676 656 1737 Quo
666 1673 750 1724 modo
760 1673 848 1740 igitur

24 1747 104 1799 haee
117 1743 232 1794 infinita
241 1749 269 1794 et
279 1759 387 1811 semper
401 1758 472 1794 nova
482 1751 532 1795 aut
546 1744 682 1795 memoria
691 1744 848 1810 complecti,

25 1809 562 1878 autebservandonotarepossumusl
597 1812 744 1880 Astrologi
754 1820 846 1865 motus

26 1883 192 1938 errantium
205 1882 351 1932 stellarum
368 1888 543 1933 notaverunt.
577 1883 709 1935 Inventus
720 1890 763 1934 est
773 1882 846 1935 enim

26 1955 103 2007 ordo
115 1953 147 2003 in
159 1951 313 2012 mustellis,
326 1951 375 2018 qui
384 1966 439 2002 non
449 1952 609 2018 putabatur.
638 1952 714 2004 Cedo
724 1952 846 2013 tandem,

25 2024 78 2093 qni
89 2022 133 2074 sit
145 2020 289 2083 ordo,aut
300 2036 372 2087 quae
383 2022 560 2074 concursatio
571 2020 762 2073 somnioruml
782 2024 845 2086 Quo
885 2049 888 2056 ·

25 2093 119 2145 modo
137 2096 239 2143 autem
255 2089 391 2156 distingui
407 2091 846 2157 possuntvu1·as‹lmniaafalsis‚

25 2177 120 2231 quum
136 2160 240 2211 eudem
255 2166 286 2210 et
295 2160 359 2212 aliis
375 2160 459 2212 aliter
473 2160 605 2222 evadant,
628 2168 656 2212 et
675 2160 776 2213 iisdem
791 2177 847 2212 non

25 2245 145 2298 semper
156 2228 259 2279 eodem
270 2228 370 2280 model
380 2236 411 2281 ut
421 2228 490 2280 milii
501 2230 601 2280 mirum
612 2230 750 2292 videatur,
762 2225 846 2297 quun‘a

25 2299 168 2354 mendaci
182 2296 303 2366 homini,
323 2315 356 2350 ne
366 2315 461 2350 verum
473 2298 585 2366 duldcm
598 2300 713 2363 dicenti,
733 2300 846 2351 eredere

25 2371 195 2428 soleamus,
216 2367 367 2433 quomodo
376 2369 442 2430 isti,
459 2370 485 2419 si
495 2370 632 2420 somnium
646 2384 742 2421 verum
756 2368 846 2419 evasit

25 2437 166 2508 aliquod,
190 2450 246 2486 non
256 2451 292 2487 ex
302 2435 397 2488 multis
420 2439 514 2505 potius
533 2439 582 2489 uni
602 2439 685 2490 fidem
699 2437 845 2502 derogant,

23 2524 114 2577 quam
127 2522 167 2558 ex
177 2519 234 2555 uno
245 2507 459 2559 innumerabilia
471 2509 643 2559 continuant.

79 2576 148 2629 14⁷.
161 2573 195 2626 Si
204 2574 292 2642 igitur
303 2591 390 2642 neque
401 2576 476 2630 Deus
488 2585 532 2629 est
542 2577 658 2628 elicetor
667 2572 846 2630 somniorum,

19 2661 125 2715 neque
137 2650 260 2695 naturae
272 2645 393 2697 societas
405 2648 464 2698 ulla
475 2663 536 2697 cum
549 2647 677 2704 somniis,
699 2654 787 2705 neque
800 2638 846 2687 ob-

17 2716 200 2773 servatione
213 2713 331 2769 inveniri
342 2718 433 2784 potuit
446 2715 730 2832 seientia:Ret{ectum
741 2712 797 2767 est,
817 2712 848 2766 ut
