2084 3025
186 107 237 182 se
369 124 421 177 nn
439 123 612 180 unauna
632 120 819 176 nnonun

187 233 273 285 tionis
293 230 407 284 flumine
425 228 634 298 reprehensoris
652 228 722 279 vitia
738 227 1005 295 diluuntur3=angm

188 304 245 355 stia
259 308 352 354 autem
369 301 517 354 conclusae
535 301 672 351 orationis
690 315 745 349 non
758 299 840 350 facile
851 299 949 363 seipsa
960 305 1009 349 tu-

188 380 274 425 tatur.
310 371 383 423 Vlll.
394 368 436 422 21.
452 372 533 422 Haec
543 371 623 433 enim,
635 384 705 437 quae
718 368 871 422 dilatantur
884 367 1009 432 anobis,

192 444 268 496 Zeno
284 442 325 493 sic
341 439 498 509 premebat:
524 440 604 505 Qrsad
616 440 725 493 ratione
740 439 843 501 utitur,
861 439 892 490 a'd
906 440 1010 492 melias

193 522 248 577 est,
262 509 350 579 'qaam
361 510 403 572 id,
423 511 613 580 quadratiano
623 528 676 563 nan
687 510 788 562 ntitas¹
823 508 901 562 Niln'l
910 520 1011 561 autem

162 573 168 586 ’
193 584 290 635 mundo
302 581 403 633 melias.
438 580 558 633 Ratione
568 581 658 651 igitar
668 579 891 633 mandas'ntitar.
921 578 1013 631 Simi-

135 651 145 660 “
193 652 259 704 liter
271 651 344 704 ellici
354 657 456 717 potest,
467 652 622 718 sapientem
632 666 692 702 esse
704 651 848 701 mundum:
861 648 1013 712 similiter,

193 723 319 774 bcatum:
341 721 481 783 similiter,
493 728 646 773 aeternum.
670 721 771 772 Omnia
782 722 855 772 enim
866 718 941 771 haec
954 736 1014 772 irre·

193 793 267 845 liora
275 796 347 853 sunt,
358 806 439 858 quam
452 807 494 853 ca,
506 806 576 859 quae
587 796 651 841 sunt
662 789 705 841 his
717 791 851 842 carentia:
864 805 917 841 nec
929 806 1014 840 mun·

193 862 230 913 do
242 862 393 929 quidquam
403 861 515 912 melius:
538 859 637 928 exque
649 860 775 922 efficitur,
798 875 864 926 esse
871 860 1015 912 mundum

194 932 298 995 Deum.⁶
330 932 373 983 22.
393 931 522 999 Idemque
544 931 598 982 hoc
618 930 844 984 modo:.Nallias
865 946 949 983 sensa
967 946 1015 983 ca·

194 1002 280 1055 sentis
289 1018 356 1069 pars
368 1001 462 1067 aliqua
474 1010 630 1069 potestesse
640 1002 767 1054 sentiens.
803 999 903 1053 Mundi
914 1009 1016 1052 auum

191 1081 286 1142 partes
301 1070 445 1123 sentientes
460 1080 529 1124 sient.
566 1070 625 1123 Nan
639 1071 728 1141 igitur
742 1080 820 1123 caret
833 1086 914 1123 sensa
933 1087 1017 1124 nran-

178 1189 179 1192 ,
195 1144 253 1194 das.
291 1140 386 1208 Pergit
396 1140 478 1203 idem,
489 1148 518 1194 et
528 1148 610 1213 urget
621 1142 780 1208 angustius:
803 1140 888 1203 llicit,
906 1141 1018 1208 inquit,

195 1211 268 1281 qrted
276 1211 495 1278 animi,quodqae
504 1211 619 1264 retiariis
630 1222 669 1264 est
680 1209 819 1280 expernid
824 1227 968 1281 generare
980 1223 1017 1264 ex

196 1297 224 1334 te
238 1290 329 1349 potest
339 1281 502 1334 animantem
513 1291 709 1350 cenrpotemqae
721 1280 847 1333 retinuit.
883 1279 1018 1333 Mandat

171 1411 178 1428 κ
197 1362 289 1405 atatem
298 1361 416 1421 gestarat
425 1351 578 1404 animantes
590 1361 774 1419 compotesque
791 1349 919 1402 rahonis.
944 1351 1018 1405 Ani-

196 1438 273 1475 mans
285 1429 325 1472 est
336 1420 427 1490 igitar
439 1423 554 1474 intendas
562 1437 717 1488 composque
728 1421 853 1474 rationis.
872 1420 1020 1490 idemque

197 1490 396 1555 similitudine,
412 1498 443 1543 ut
453 1507 538 1559 saepe
548 1492 634 1555 solet,
655 1492 791 1546 rationem
803 1490 943 1544 conclusit
961 1490 1022 1545 hoc

196 1562 293 1614 modo:
315 1561 346 1614 Si
357 1580 391 1615 ea
408 1563 478 1616 oliva
489 1564 624 1615 rnedalate
636 1572 763 1631 canentes
774 1563 856 1614 tibine
867 1577 1024 1617 nasceren-

116 1682 119 1693 ,
196 1642 256 1686 tur:
270 1649 333 1685 narn
344 1632 492 1694 dubitares,
503 1632 568 1702 quin
577 1633 675 1687 inesset
684 1632 714 1686 in
726 1633 797 1685 alica
808 1628 1024 1700 tibiciniiqaae·

195 1705 257 1755 dam
272 1702 404 1755 scientia?
428 1700 514 1767 Quid,
534 1703 559 1754 si
569 1703 683 1770 platani
690 1702 822 1772 fidiculas
830 1701 952 1772 ferrent
969 1723 1026 1758 nu·

196 1789 298 1825 nancte
313 1774 457 1825 sanantes?
477 1773 548 1824 idem
565 1772 669 1824 scilicet
684 1789 818 1836 censeres,
836 1771 866 1823 in
881 1774 1024 1839 platanis

196 1842 282 1895 istesso
293 1842 431 1894 maricam.
469 1840 528 1892 Car
541 1841 631 1911 igitar
646 1844 759 1896 arandus
769 1861 822 1897 nan
831 1841 964 1896 animans
977 1863 1026 1900 sa·

192 1913 321 1981 pleneque
331 1910 476 1975 iudicetur,
495 1927 577 1979 qaam
588 1929 622 1964 ex
631 1924 793 1989 seprocreet
802 1911 965 1967 animantes
977 1926 1026 1971 at·

195 2000 245 2052 que
256 1981 409 2051 sapientes?

247 2054 296 2104 lX.
314 2051 357 2102 23.
376 2048 431 2100 Sed
451 2049 581 2116 quoniam
602 2053 682 2119 coepi
704 2068 784 2104 secus
799 2068 899 2121 agere,
923 2061 1026 2128 etque

194 2124 278 2175 initio
290 2121 428 2172 dixeram:
450 2135 583 2188 negaram
597 2122 669 2173 enim
682 2120 753 2173 hanc
767 2123 886 2189 primam
898 2135 1027 2190 partem

196 2202 278 2262 egere
291 2190 506 2257 oratioue,qu0d
517 2197 592 2242 esset
604 2193 731 2243 omnibus
739 2194 1027 2260 perspicuum‚Deos

196 2279 270 2315 esse:
292 2266 384 2313 tamen
395 2259 424 2310 id
434 2261 527 2326 ipsum
535 2262 692 2313 ratilmibus
703 2260 829 2330 physicis
841 2264 1027 2324 confirmare

195 2333 271 2384 rulo.
308 2328 354 2382 Sic
365 2331 436 2383 enim
449 2347 493 2383 res
504 2347 535 2384 se
545 2330 639 2393 habet,
649 2338 681 2383 ut
691 2334 793 2396 omnia,
813 2348 884 2401 quae
895 2336 1029 2394 alantur

195 2407 225 2454 et
240 2406 379 2464 crescant,
402 2402 563 2455 contineant
576 2401 605 2452 in
621 2417 651 2454 sc
664 2402 720 2454 vim
737 2403 852 2455 caloris:
873 2406 936 2459 sine
961 2406 1030 2478 q‘ua

194 2486 284 2538 neque
296 2471 334 2522 nli
346 2478 470 2538 possent,
485 2487 574 2538 neque
586 2487 718 2525 crescere.
746 2473 818 2525 Nam
831 2490 923 2539 «omne,
935 2483 1030 2547 quod

194 2547 239 2592 est
255 2541 378 2593 calidum
394 2548 423 2592 ct
437 2541 565 2608 igneum,
587 2542 677 2595 cietur
691 2549 720 2594 et
741 2545 835 2612 agitur
848 2554 931 2598 motu
951 2565 1029 2607 suo.

194 2609 276 2674 Quod
296 2618 388 2664 autem
404 2611 491 2661 alitur
508 2617 537 2662 ct
553 2612 665 2676 crescit,
687 2620 766 2665 motu
782 2615 902 2681 quodem
917 2620 1031 2676 utitur

195 2687 272 2734 certo
295 2688 324 2734 et
342 2679 494 2749 aequabili:
513 2679 560 2748 qui
579 2683 709 2749 quamdiu
727 2690 852 2738 remanet
866 2686 898 2738 iu
913 2691 1029 2759 uobis,
