2084 3025
179 174 230 229 ³⁰8
290 166 348 226 DE
366 172 554 231 LEGIBUS
576 172 659 230 iro.
676 173 698 227 1.
714 170 859 232 CAPAE..

178 278 221 332 62.
232 277 307 346 quod
318 276 420 346 Apollo
431 276 575 345 proecepit
584 275 716 346 Pythius:
729 280 812 346 quoni
818 283 983 341 contemnet,

179 363 260 416 quent
275 347 422 414 despiciet,
444 361 526 414 quarn
545 363 597 416 pro
611 346 702 399 nihilo
723 349 891 415 putehiteo,
913 363 984 416 quae

176 418 260 485 vulgo
271 416 403 468 dicuntur
413 417 599 483 amplissimo!
608 419 699 484 Atque
708 416 778 470 haee
789 419 892 480 omnio,
902 418 984 485 quasi

90 494 92 498 '
176 489 332 554 sepimento
344 486 448 553 aliquo,
462 486 582 538 vallabit
591 487 873 549 disserendiratione,
882 487 945 539 reri
954 493 985 539 ot

177 557 243 609 falsi
252 555 395 609 iudicandi
405 556 536 619 scientio,
556 564 586 609 et
596 564 656 610 orte
666 556 783 625 quadarn
794 556 983 625 intelligendi,

177 625 246 696 quid
256 639 394 694 quemque
405 640 463 678 rem
474 632 620 694 sequetur,
642 634 671 679 et
681 626 748 695 quid
758 627 797 679 sit
809 627 907 696 cuique
919 641 984 678 eon-

176 696 306 750 tranium.
343 699 488 764 Quomque
502 711 533 749 se
543 696 579 748 ed
592 696 702 749 civilem
711 697 875 751 societatem
886 702 985 748 notum

177 767 311 829 senserit,
336 782 392 819 non
412 766 505 819 solnm
521 765 577 819 illo
594 766 695 819 sobtiii
715 765 907 835 disputatione
927 764 984 819 sibi

178 836 312 890 utendum
322 837 441 904 putobit,
451 835 501 887 sed
511 837 598 887 etiarn
607 836 671 889 fuso
682 835 768 889 latius
777 842 911 904 perpetuo
922 850 985 887 ore·

178 908 266 969 tione,
278 921 332 973 que
341 912 422 974 regat
432 905 560 974 populos,
575 919 630 973 quo
639 905 766 958 stabiliat
773 906 861 977 leges,
891 920 928 956 ua
940 919 985 957 eo·

177 977 265 1045 stiget
275 974 428 1043 improbos,
448 990 504 1042 qua
513 976 733 1040 tuenturbonos,
754 989 809 1043 que
820 920 918 1026 ianget
929 974 986 1026 cln-

103 1107 105 1111 .
179 1061 226 1100 ros
242 1045 328 1097 viros:
351 1050 407 1111 que
426 1050 577 1111 praecepto
592 1045 694 1097 salutis
713 1051 742 1097 et
761 1044 855 1097 leudis
870 1049 937 1111 apte
949 1041 986 1096 ed

179 1112 400 1185 persuadendum
416 1113 482 1166 edot
495 1115 554 1165 suis
565 1114 685 1166 nixibus:
708 1129 761 1182 quo
772 1113 880 1166 hortari
890 1113 927 1165 ad
939 1113 987 1167 de·

178 1200 238 1247 eos,
249 1196 381 1235 revocare
390 1198 408 1234 o
418 1180 537 1249 flagitio,
548 1183 691 1238 ¹consolari
701 1183 790 1251 possit
801 1183 933 1245 afflictos,
944 1182 986 1235 fo·

178 1261 279 1320 etoque
290 1258 320 1304 et
331 1253 460 1304 consulto
470 1251 584 1305 fortium
596 1259 625 1305 et
634 1254 799 1322 sapientum,
807 1250 871 1306 'eum
881 1254 985 1323 impro-

178 1321 450 1390 borunrignorninia,
470 1323 646 1390 sempiternis
656 1326 843 1375 monumentis
852 1323 985 1390 prodere.

178 1394 256 1458 Quae
267 1407 350 1459 quum
361 1397 406 1443 tot
415 1407 460 1444 res
470 1397 622 1460 tantaeque
632 1394 695 1457 sint,
711 1408 782 1460 quoe
792 1394 885 1446 inesse
894 1393 925 1445 io
938 1393 986 1445 ho·

178 1463 252 1516 mine
263 1461 469 1531 perspiciantur
478 1461 569 1526 abiis,
579 1462 629 1531 qui
638 1462 722 1532 seipsi
733 1462 822 1517 veiint
832 1477 986 1527 nosse3ea·

178 1549 237 1585 rum
250 1548 350 1599 parens
362 1539 406 1585 est
416 1531 617 1601 educatrixque
631 1533 776 1601 sepientis.
811 1534 892 1587 Arr.
911 1531 987 1587 Lon·
1040 1569 1041 1574 =

177 1603 244 1654 dato
255 1602 365 1671 quidem
378 1618 395 1654 a
406 1607 435 1653 te
446 1603 572 1670 graviter
582 1608 611 1654 et
620 1619 695 1657 vere.
718 1599 775 1657 Seri
785 1617 904 1670 quorsus
916 1601 989 1657 haee

178 1672 334 1741 pertinenti
368 1670 411 1724 63.
430 1671 469 1723 Μ.
485 1671 609 1724 Primirm
619 1673 656 1725 od
666 1687 708 1738 ee,
722 1671 870 1744 Pomponi,
880 1673 916 1726 de
928 1674 989 1742 qui·

177 1745 227 1794 bus
239 1741 330 1794 acturi
341 1740 396 1794 inin
408 1757 516 1795 sumus:
528 1757 598 1810 quae
609 1749 688 1794 tento
699 1743 912 1797 essevolumus:
930 1759 987 1796 non
1040 1753 1041 1770 ³

176 1813 355 1874 comerent,
374 1811 429 1863 nisi
445 1826 479 1864 ea
490 1811 607 1874 fuerint,
628 1812 703 1866 unde
718 1813 769 1865 illa
781 1820 907 1877 monent,
928 1828 987 1866 am·

174 1881 313 1949 piissime.
348 1880 457 1933 Deinde
470 1881 545 1935 focio
556 1888 585 1933 et
595 1881 724 1944 libenter,
739 1888 776 1946 et,
791 1889 823 1935 ut
834 1897 928 1952 spero,
942 1899 987 1937 re·

172 1957 230 2013 ete,
241 1950 316 2018 quod
328 1966 398 2013 earn,
409 1951 589 2003 euiosstoriio
600 1957 707 2016 teneor,
717 1965 845 2021 quaeque
856 1968 985 2016 meeum,

174 2022 339 2142 puieurnqoe
350 2036 421 2083 sum,
432 2020 534 2084 effecit,
546 2037 600 2073 non
610 2035 723 2089 possurn
734 2022 847 2076 silentio
861 2028 985 2093 proeter·
1039 2035 1040 2042 ¹

185 2106 225 2144 re.
260 2092 341 2142 Arr.
359 2089 435 2141 Vero
450 2089 519 2142 focis
532 2097 561 2143 et
577 2094 687 2155 merito,
708 2089 749 2160 [et
763 2092 850 2162 ipseJ=
873 2093 985 2162 fuitque

94 2185 97 2190 ⁴
175 2160 213 2224 id,
224 2165 256 2212 ut
268 2158 348 2223 dieis,
364 2159 394 2211 in
403 2157 457 2212 hoo
467 2175 594 2216 sermone
606 2160 774 2215 foe-iunium.

469 2435 694 2464 *⁴*-
