2084 3025
203 162 237 215 aa
259 130 261 139 ’
508 160 697 241 ωειηῑε

126 305 130 310 -
188 304 193 309 -
204 262 353 336 pecudem:
365 264 415 318 ced
423 265 497 318 inter
507 263 649 318 hominem
660 271 688 317 ct
699 280 805 328 sarum,
814 270 863 316 aut
873 267 1003 322 truncum,

205 343 254 389 aut
265 335 375 402 quidvis
393 337 503 404 generis
519 336 659 389 emacient
687 335 785 403 Neque
801 335 872 387 eninr
889 338 952 384 sunt
963 328 1005 380 isti

206 405 346 469 audiendi,
358 407 542 474 quiairtutern
550 407 647 457 duram
658 412 687 458 ct
698 408 777 473 quasi
788 405 909 457 ferream
916 414 1006 468 quam·

206 477 272 528 darn
289 492 349 528 csse
365 478 476 528 volunt:
497 492 568 559 quac
584 475 694 543 quidem
712 483 755 528 est
776 491 858 543 quum
874 472 968 525 multis
982 468 1008 519 in

206 546 299 608 rebus,
320 547 419 598 tamin
430 548 566 608 amicitia,
584 554 685 597 tenera
696 552 779 613 atquc
790 540 962 596 tractabilia:
980 545 1008 619 ut

208 624 238 670 ct
257 614 339 667 bonis
360 617 442 668 amici
463 617 542 684 quasi
562 614 760 676 diffimdantur,
782 621 811 666 et
830 608 1007 664 incommoda

209 683 418 739 contrahantur.
453 685 639 748 Quamobrem
651 700 740 752 angor
749 685 812 745 iste,
829 684 875 750 qui
887 698 938 749 pro
950 679 999 731 ami

207 771 243 808 co
254 770 338 823 saepe
349 755 499 822 capiundas
512 761 563 816 est,
583 768 638 807 non
648 760 757 805 tantum
768 754 852 815 ralct,
863 760 896 804 ut
907 752 1007 804 tollate

131 838 138 845 ·
209 826 271 877 rita
282 824 447 887 amicitiam}
456 839 511 875 non
522 824 594 890 plus,
607 823 862 891 quamutrjirtutes,
876 821 943 890 quia
951 834 1007 870 aon·

209 895 303 946 nullas
315 910 394 946 curas
404 900 434 946 ot
443 892 587 944 molestias
599 891 727 955 afferunt,
739 892 931 960 repudientur.
943 886 1006 941 xlv.

210 965 304 1026 Quum
314 969 407 1015 autern
419 962 566 1014 contrahat
576 963 741 1025 amicitiam,
761 969 891 1028 utsupra
902 960 971 1022 dixi,
989 956 1008 1007 si

54 1028 57 1039 '
113 1082 114 1085 ,
210 1050 267 1102 qua
277 1032 444 1100 significatio
456 1033 570 1084 virtutis
583 1033 703 1096 eluceat,
721 1032 760 1083 ad
776 1048 859 1100 quam
877 1048 909 1084 se
920 1027 1008 1082 similia

204 1104 320 1154 'animur
341 1101 463 1173 applicet
483 1109 511 1153 et
532 1102 680 1169 adiungat:
712 1102 741 1155 id
762 1117 845 1168 quum
871 1098 1008 1167 contingit,

138 1232 141 1239 ,
210 1185 290 1223 amor
300 1171 446 1222 exoriatur
458 1186 572 1234 necesse
584 1181 635 1223 est.
671 1171 715 1224 lu.
734 1172 806 1233 Quid
819 1170 896 1223 cuim
906 1178 961 1224 tam
972 1169 1008 1219 aa

210 1239 333 1303 surdum,
354 1255 439 1307 quam
455 1241 591 1293 delectari
609 1242 705 1293 multis
725 1242 854 1295 inanibus
876 1242 966 1303 rebus,
982 1241 1008 1288 ul

210 1309 326 1372 honoro,
345 1317 377 1381 ut
391 1311 493 1379 gloria,
513 1317 548 1361 ut
560 1311 696 1374 aedilicio,
719 1318 751 1362 ut
763 1311 872 1367 vestitu
888 1312 1007 1375 cultuque

210 1380 344 1447 corporis,
365 1380 458 1432 animo
469 1386 563 1433 autem
573 1381 676 1433 virtuto
686 1381 823 1448 praedito,
844 1396 891 1444 eo,
912 1374 1006 1448 quini

210 1465 313 1511 amare,
323 1449 378 1512 rol,
387 1455 419 1501 ut
429 1450 471 1502 ita
481 1450 580 1514 dicam,
590 1450 735 1503 redamare
746 1451 843 1519 possit,
855 1466 914 1503 non
925 1449 1006 1500 adno-

209 1521 275 1572 dum
286 1520 437 1574 delectarit
464 1518 543 1573 Nihil
552 1528 596 1572 est
606 1523 679 1574 onim
694 1522 923 1574 remuneratione
931 1521 1006 1586 pene·

209 1590 366 1653 roloniae,
387 1589 447 1641 nihi
473 1591 663 1656 vicissitudine
678 1587 835 1643 ⁴atudiorum
847 1591 1006 1644 officiorum·

210 1676 263 1729 que
283 1655 443 1716 iucundius?
474 1657 521 1712 50.
539 1661 661 1726 Quodsi
679 1663 764 1714 etiam
782 1660 857 1712 illud
879 1660 1005 1715 addimur,
1030 1683 1031 1686 ¹

210 1729 286 1797 quod
295 1735 371 1782 recte
382 1695 449 1792 addi
457 1736 560 1797 potest,
570 1728 639 1782 nihil
651 1746 720 1794 esse,
732 1731 804 1798 quod
815 1730 852 1781 ad
864 1748 897 1783 sc
907 1744 963 1782 rem
972 1724 1006 1775 ul·

125 1848 128 1856 ,
209 1799 267 1851 lam
278 1804 335 1849 tam
346 1798 455 1852 alliciat
466 1804 495 1851 ct
505 1805 563 1850 tam
575 1798 707 1864 attrahat,
719 1816 800 1868 quarn
812 1800 849 1852 ad
860 1796 1006 1853 amicitiam

174 1889 180 1894 ’
210 1867 380 1919 similitudo:
404 1868 572 1921 concedetur
584 1869 712 1936 prolecto
723 1885 904 1933 rammasse,
921 1874 953 1919 ut
964 1865 997 1916 lio

149 1989 154 1998 ,
209 1953 261 1989 nos
275 1938 343 1989 boni
356 1937 476 2006 diligant
495 1938 704 2006 adsciscantque
719 1940 787 2001 sibi,
807 1941 892 2006 quari
905 1934 1005 2007 propin·

211 2008 317 2074 quitata
328 2008 491 2077 coniunctos
502 2015 586 2075 atquc
598 2016 704 2061 natura.
740 2009 820 2061 Nilril
830 2018 874 2061 est
887 2007 958 2063 euim
966 2017 1005 2070 ap-

209 2075 351 2143 petentius
361 2077 497 2127 similium
506 2078 558 2141 aui,
575 2075 646 2129 nihil
656 2080 794 2145 rapacius,
810 2094 895 2146 quam
907 2083 1003 2129 natura.
1027 2131 1028 2142 γ

137 2169 143 2178 ·
210 2146 397 2209 Quamobrem
406 2144 461 2198 hoc
471 2147 591 2214 quidem,
601 2147 884 2212 FannictScaerola,
898 2147 1004 2199 conant
1026 2161 1028 2200 τ

210 2224 242 2268 ut
253 2215 360 2283 opinor,
374 2215 455 2267 bonis
465 2216 538 2270 inter
547 2218 636 2270 bonos
647 2219 725 2286 quasi
735 2213 924 2286 ncceaaa'riam
934 2216 1004 2267 bere-

210 2285 449 2340 valentianense:
471 2286 519 2353 qui
529 2293 572 2338 est
583 2287 725 2340 amicitiae
740 2286 803 2339 fona
815 2294 942 2340 anatura
950 2296 1006 2335 con·

193 2356 335 2415 'atitutna⁸
363 2352 418 2406 Sed
428 2354 525 2407 cadem
535 2357 646 2408 bonitas
656 2359 743 2409 etiam
754 2357 790 2409 ad
804 2354 1008 2409 multitudinem

211 2426 342 2492 pertinet.
378 2422 441 2475 Non
452 2431 495 2476 cot
505 2426 578 2486 enim
588 2426 737 2479 inhumana
747 2428 845 2490 rirtau,
865 2421 1006 2493 naqueim·

209 2494 309 2572 mania,
328 2507 417 2561 neque
432 2495 564 2559 superba:
586 2511 656 2565 quae
673 2497 757 2550 ctiam
774 2496 893 2563 populos
904 2485 1009 2554 univer:

210 2580 259 2618 roa
269 2563 352 2624 tueri,
364 2563 459 2628 eisque
471 2564 576 2628 optimc
589 2566 733 2619 consulere
743 2566 847 2619 soleat:
869 2562 943 2634 quod
953 2572 1005 2612 uon

210 2630 464 2699 iaceretproiecto,
481 2632 507 2682 ai
517 2649 535 2685 a
546 2636 665 2689 caritate
675 2636 752 2705 vulgi
762 2633 931 2687 abhorreret.
964 2623 1001 2708 fil·

211 2700 298 2766 Atque
320 2701 405 2755 ctiam
424 2698 493 2754 milri
513 2704 625 2770 quidem
643 2705 783 2770 ridentur,
812 2704 859 2773 qui
877 2700 1006 2755 utilitatu-
