<?xml version="1.0" encoding="UTF-8"?>
<!DOCTYPE html PUBLIC "-//W3C//DTD XHTML 1.0 Transitional//EN"
    "http://www.w3.org/TR/xhtml1/DTD/xhtml1-transitional.dtd">
<html xmlns="http://www.w3.org/1999/xhtml" xml:lang="en" lang="en">
 <head>
  <title>
</title>
<meta http-equiv="Content-Type" content="text/html;charset=utf-8" />
  <meta name='ocr-system' content='tesseract 3.04.00' />
  <meta name='ocr-capabilities' content='ocr_page ocr_carea ocr_par ocr_line ocrx_word'/>
</head>
<body>
  <div class='ocr_page' id='page_1' title='image "./opera00nobbgoog_0143.png"; bbox 0 0 2084 3025; ppageno 0'>
   <div class='ocr_carea' id='block_1_1' title="bbox 131 115 814 187">
    <p class='ocr_par' dir='ltr' id='par_1_1' title="bbox 131 115 814 187">
     <span class='ocr_line' id='line_1_1' title="bbox 131 115 814 187; baseline 0.01 -7"><span class='ocrx_word' id='word_1_1' title='bbox 131 115 133 120; x_wconf 82' lang='grc'>’</span> <span class='ocrx_word' id='word_1_2' title='bbox 228 128 309 181; x_wconf 74' lang='lat' dir='ltr'><strong>nra</strong></span> <span class='ocrx_word' id='word_1_3' title='bbox 327 127 366 182; x_wconf 88' lang='lat' dir='ltr'><strong>n.</strong></span> <span class='ocrx_word' id='word_1_4' title='bbox 402 126 610 184; x_wconf 80' lang='lat' dir='ltr'><strong>cnr.15.1o.</strong></span> <span class='ocrx_word' id='word_1_5' title='bbox 778 129 814 187; x_wconf 77' lang='lat' dir='ltr'><strong>oa</strong></span> 
     </span>
    </p>
   </div>
   <div class='ocr_carea' id='block_1_2' title="bbox 13 231 827 2823">
    <p class='ocr_par' dir='ltr' id='par_1_2' title="bbox 13 231 827 2823">
     <span class='ocr_line' id='line_1_2' title="bbox 42 231 815 300; baseline 0.006 -18"><span class='ocrx_word' id='word_1_6' title='bbox 42 231 420 297; x_wconf 78' lang='lat' dir='ltr'><strong>heorporibun&#39;animantiuar:</strong></span> <span class='ocrx_word' id='word_1_7' title='bbox 432 231 522 283; x_wconf 87' lang='lat' dir='ltr'><strong>solem</strong></span> <span class='ocrx_word' id='word_1_8' title='bbox 533 247 640 300; x_wconf 78' lang='lat' dir='ltr'><strong>quoqne</strong></span> <span class='ocrx_word' id='word_1_9' title='bbox 647 232 815 287; x_wconf 72' lang='lat' dir='ltr'><strong>animantem</strong></span> 
     </span>
     <span class='ocr_line' id='line_1_3' title="bbox 14 300 817 368; baseline 0.005 -16"><span class='ocrx_word' id='word_1_10' title='bbox 14 305 15 308; x_wconf 78' lang='grc'>’</span> <span class='ocrx_word' id='word_1_11' title='bbox 43 316 86 352; x_wconf 80' lang='lat' dir='ltr'><strong>esse</strong></span> <span class='ocrx_word' id='word_1_12' title='bbox 94 307 204 365; x_wconf 75' lang='lat' dir='ltr'><strong>oportet,</strong></span> <span class='ocrx_word' id='word_1_13' title='bbox 219 306 249 351; x_wconf 87' lang='lat' dir='ltr'><strong>et</strong></span> <span class='ocrx_word' id='word_1_14' title='bbox 261 300 369 366; x_wconf 81' lang='lat' dir='ltr'><strong>quidem</strong></span> <span class='ocrx_word' id='word_1_15' title='bbox 381 300 490 366; x_wconf 85' lang='lat' dir='ltr'><strong>reliqua</strong></span> <span class='ocrx_word' id='word_1_16' title='bbox 501 306 587 362; x_wconf 85' lang='lat' dir='ltr'><strong>astra,</strong></span> <span class='ocrx_word' id='word_1_17' title='bbox 607 317 677 368; x_wconf 83' lang='lat' dir='ltr'><strong>quae</strong></span> <span class='ocrx_word' id='word_1_18' title='bbox 690 304 817 356; x_wconf 85' lang='lat' dir='ltr'><strong>oriantur</strong></span> 
     </span>
     <span class='ocr_line' id='line_1_4' title="bbox 43 368 816 435; baseline 0.009 -17"><span class='ocrx_word' id='word_1_19' title='bbox 43 368 153 420; x_wconf 79' lang='lat' dir='ltr'><strong>inarslore</strong></span> <span class='ocrx_word' id='word_1_20' title='bbox 161 369 288 429; x_wconf 84' lang='lat' dir='ltr'><strong>caelesti,</strong></span> <span class='ocrx_word' id='word_1_21' title='bbox 299 369 347 435; x_wconf 89' lang='lat' dir='ltr'><strong>qui</strong></span> <span class='ocrx_word' id='word_1_22' title='bbox 357 368 462 430; x_wconf 80' lang='lat' dir='ltr'><strong>aether,</strong></span> <span class='ocrx_word' id='word_1_23' title='bbox 476 370 816 425; x_wconf 78' lang='lat' dir='ltr'><strong>relaaelurnnoasinatrtr.</strong></span> 
     </span>
     <span class='ocr_line' id='line_1_5' title="bbox 43 438 818 499; baseline 0.006 -11"><span class='ocrx_word' id='word_1_24' title='bbox 43 438 74 488; x_wconf 80' lang='lat'><strong>42</strong></span> <span class='ocrx_word' id='word_1_25' title='bbox 88 438 169 499; x_wconf 72' lang='lat' dir='ltr'><strong>Quum&#39;</strong></span> <span class='ocrx_word' id='word_1_26' title='bbox 185 438 258 488; x_wconf 84' lang='lat' dir='ltr'><strong>enirn</strong></span> <span class='ocrx_word' id='word_1_27' title='bbox 275 438 391 487; x_wconf 84' lang='lat' dir='ltr'><strong>aliorum</strong></span> <span class='ocrx_word' id='word_1_28' title='bbox 410 438 590 489; x_wconf 78' lang='lat' dir='ltr'><strong>animantium</strong></span> <span class='ocrx_word' id='word_1_29' title='bbox 605 448 682 493; x_wconf 71' lang='lat' dir='ltr'><strong>enus</strong></span> <span class='ocrx_word' id='word_1_30' title='bbox 698 441 726 490; x_wconf 90' lang='lat' dir='ltr'><strong>ln</strong></span> <span class='ocrx_word' id='word_1_31' title='bbox 743 447 818 493; x_wconf 82' lang='lat' dir='ltr'><strong>tem</strong></span> 
     </span>
     <span class='ocr_line' id='line_1_6' title="bbox 43 506 818 572; baseline 0.006 -18"><span class='ocrx_word' id='word_1_32' title='bbox 43 507 75 565; x_wconf 85' lang='lat' dir='ltr'><strong>sit,</strong></span> <span class='ocrx_word' id='word_1_33' title='bbox 84 506 189 556; x_wconf 79' lang='lat' dir='ltr'><strong>alioruin</strong></span> <span class='ocrx_word' id='word_1_34' title='bbox 199 507 229 556; x_wconf 89' lang='lat' dir='ltr'><strong>in</strong></span> <span class='ocrx_word' id='word_1_35' title='bbox 242 519 321 572; x_wconf 81' lang='lat' dir='ltr'><strong>aqua,</strong></span> <span class='ocrx_word' id='word_1_36' title='bbox 333 506 363 555; x_wconf 89' lang='lat' dir='ltr'><strong>in</strong></span> <span class='ocrx_word' id='word_1_37' title='bbox 374 509 437 557; x_wconf 82' lang='lat' dir='ltr'><strong>a&#39;ere</strong></span> <span class='ocrx_word' id='word_1_38' title='bbox 448 507 580 558; x_wconf 81' lang='lat' dir='ltr'><strong>alioruin:</strong></span> <span class='ocrx_word' id='word_1_39' title='bbox 595 508 745 559; x_wconf 82' lang='lat' dir='ltr'><strong>alseurtlum</strong></span> <span class='ocrx_word' id='word_1_40' title='bbox 756 521 818 560; x_wconf 79' lang='lat' dir='ltr'><strong>ease</strong></span> 
     </span>
     <span class='ocr_line' id='line_1_7' title="bbox 41 574 819 644; baseline 0.006 -21"><span class='ocrx_word' id='word_1_41' title='bbox 41 574 161 625; x_wconf 73' lang='lat' dir='ltr'><strong>Aristoteli</strong></span> <span class='ocrx_word' id='word_1_42' title='bbox 171 574 288 634; x_wconf 88' lang='lat' dir='ltr'><strong>ridetur,</strong></span> <span class='ocrx_word' id='word_1_43' title='bbox 311 575 339 623; x_wconf 89' lang='lat' dir='ltr'><strong>ln</strong></span> <span class='ocrx_word' id='word_1_44' title='bbox 351 589 384 624; x_wconf 82' lang='lat' dir='ltr'><strong>ea</strong></span> <span class='ocrx_word' id='word_1_45' title='bbox 395 583 483 640; x_wconf 85' lang='lat' dir='ltr'><strong>parte,</strong></span> <span class='ocrx_word' id='word_1_46' title='bbox 504 592 575 643; x_wconf 78' lang='lat' dir='ltr'><strong>quae</strong></span> <span class='ocrx_word' id='word_1_47' title='bbox 586 578 623 627; x_wconf 87' lang='lat' dir='ltr'><strong>sit</strong></span> <span class='ocrx_word' id='word_1_48' title='bbox 634 578 668 628; x_wconf 79' lang='lat' dir='ltr'><strong>an</strong></span> <span class='ocrx_word' id='word_1_49' title='bbox 679 575 819 644; x_wconf 75' lang='lat' dir='ltr'><strong>gignentia</strong></span> 
     </span>
     <span class='ocr_line' id='line_1_8' title="bbox 42 643 819 712; baseline 0.005 -21"><span class='ocrx_word' id='word_1_50' title='bbox 42 643 148 692; x_wconf 82' lang='lat' dir='ltr'><strong>animalia</strong></span> <span class='ocrx_word' id='word_1_51' title='bbox 157 643 310 708; x_wconf 75' lang='lat' dir='ltr'><strong>aptissima,</strong></span> <span class='ocrx_word' id='word_1_52' title='bbox 323 644 426 694; x_wconf 81' lang='lat' dir='ltr'><strong>animal</strong></span> <span class='ocrx_word' id='word_1_53' title='bbox 436 645 514 711; x_wconf 79' lang='lat' dir='ltr'><strong>gigni</strong></span> <span class='ocrx_word' id='word_1_54' title='bbox 524 646 630 696; x_wconf 85' lang='lat' dir='ltr'><strong>nullum</strong></span> <span class='ocrx_word' id='word_1_55' title='bbox 642 653 747 712; x_wconf 78' lang='lat' dir='ltr'><strong>putare.</strong></span> <span class='ocrx_word' id='word_1_56' title='bbox 772 645 819 696; x_wconf 76' lang='lat' dir='ltr'><strong>si·</strong></span> 
     </span>
     <span class='ocr_line' id='line_1_9' title="bbox 41 708 818 782; baseline 0.006 -23"><span class='ocrx_word' id='word_1_57' title='bbox 41 709 94 762; x_wconf 85' lang='lat' dir='ltr'><strong>‹lera</strong></span> <span class='ocrx_word' id='word_1_58' title='bbox 103 708 360 763; x_wconf 81' lang='lat' dir='ltr'><strong>autem-aethereum</strong></span> <span class='ocrx_word' id='word_1_59' title='bbox 371 712 463 763; x_wconf 75' lang='lat' dir='ltr'><strong>loaisa</strong></span> <span class='ocrx_word' id='word_1_60' title='bbox 474 715 613 766; x_wconf 81' lang='lat' dir='ltr'><strong>obtinent:</strong></span> <span class='ocrx_word' id='word_1_61' title='bbox 623 715 677 781; x_wconf 70' lang='lat' dir='ltr'><strong>qui</strong></span> <span class='ocrx_word' id='word_1_62' title='bbox 688 714 818 782; x_wconf 78' lang='lat' dir='ltr'><strong>quoniam</strong></span> 
     </span>
     <span class='ocr_line' id='line_1_10' title="bbox 40 780 819 850; baseline 0.008 -22"><span class='ocrx_word' id='word_1_63' title='bbox 40 780 197 829; x_wconf 83' lang='lat' dir='ltr'><strong>tenuissimus</strong></span> <span class='ocrx_word' id='word_1_64' title='bbox 213 785 258 830; x_wconf 82' lang='lat' dir='ltr'><strong>eat</strong></span> <span class='ocrx_word' id='word_1_65' title='bbox 267 785 294 830; x_wconf 86' lang='lat' dir='ltr'><strong>et</strong></span> <span class='ocrx_word' id='word_1_66' title='bbox 304 795 413 846; x_wconf 80' lang='lat' dir='ltr'><strong>semper</strong></span> <span class='ocrx_word' id='word_1_67' title='bbox 424 783 548 848; x_wconf 74' lang='lat' dir='ltr'><strong>agitatur</strong></span> <span class='ocrx_word' id='word_1_68' title='bbox 557 784 687 850; x_wconf 74' lang='lat' dir='ltr'><strong>etsiget,</strong></span> <span class='ocrx_word' id='word_1_69' title='bbox 707 795 819 834; x_wconf 74' lang='lat' dir='ltr'><strong>necem</strong></span> 
     </span>
     <span class='ocr_line' id='line_1_11' title="bbox 38 848 817 915; baseline 0.004 -18"><span class='ocrx_word' id='word_1_70' title='bbox 38 853 85 907; x_wconf 86' lang='lat' dir='ltr'><strong>est,</strong></span> <span class='ocrx_word' id='word_1_71' title='bbox 101 848 166 913; x_wconf 76' lang='lat' dir='ltr'><strong>qrrod</strong></span> <span class='ocrx_word' id='word_1_72' title='bbox 177 848 280 898; x_wconf 84' lang='lat' dir='ltr'><strong>animal</strong></span> <span class='ocrx_word' id='word_1_73' title='bbox 292 848 320 898; x_wconf 90' lang='lat' dir='ltr'><strong>in</strong></span> <span class='ocrx_word' id='word_1_74' title='bbox 330 862 363 899; x_wconf 88' lang='lat' dir='ltr'><strong>eo</strong></span> <span class='ocrx_word' id='word_1_75' title='bbox 375 850 518 915; x_wconf 72' lang='lat' dir='ltr'><strong>gignatur,</strong></span> <span class='ocrx_word' id='word_1_76' title='bbox 535 851 570 902; x_wconf 83' lang='lat' dir='ltr'><strong>id</strong></span> <span class='ocrx_word' id='word_1_77' title='bbox 584 859 613 904; x_wconf 85' lang='lat' dir='ltr'><strong>et</strong></span> <span class='ocrx_word' id='word_1_78' title='bbox 627 866 710 902; x_wconf 84' lang='lat' dir='ltr'><strong>sensu</strong></span> <span class='ocrx_word' id='word_1_79' title='bbox 720 850 817 901; x_wconf 82' lang='lat' dir='ltr'><strong>aoerri·</strong></span> 
     </span>
     <span class='ocr_line' id='line_1_12' title="bbox 37 917 820 986; baseline 0.008 -21"><span class='ocrx_word' id='word_1_80' title='bbox 37 927 85 976; x_wconf 79' lang='lat' dir='ltr'><strong>mo,</strong></span> <span class='ocrx_word' id='word_1_81' title='bbox 102 923 127 967; x_wconf 91' lang='lat' dir='ltr'><strong>et</strong></span> <span class='ocrx_word' id='word_1_82' title='bbox 143 917 302 969; x_wconf 77' lang='lat' dir='ltr'><strong>mobilitate</strong></span> <span class='ocrx_word' id='word_1_83' title='bbox 317 918 463 970; x_wconf 87' lang='lat' dir='ltr'><strong>celerrima</strong></span> <span class='ocrx_word' id='word_1_84' title='bbox 475 935 546 972; x_wconf 87' lang='lat' dir='ltr'><strong>esse.</strong></span> <span class='ocrx_word' id='word_1_85' title='bbox 583 920 676 981; x_wconf 79' lang='lat' dir='ltr'><strong>Quare</strong></span> <span class='ocrx_word' id='word_1_86' title='bbox 691 933 773 986; x_wconf 79' lang='lat' dir='ltr'><strong>quum</strong></span> <span class='ocrx_word' id='word_1_87' title='bbox 789 918 820 971; x_wconf 86' lang='lat' dir='ltr'><strong>in</strong></span> 
     </span>
     <span class='ocr_line' id='line_1_13' title="bbox 36 982 820 1052; baseline 0.005 -18"><span class='ocrx_word' id='word_1_88' title='bbox 36 982 131 1036; x_wconf 75' lang='lat' dir='ltr'><strong>aethere</strong></span> <span class='ocrx_word' id='word_1_89' title='bbox 141 992 216 1036; x_wconf 82' lang='lat' dir='ltr'><strong>astra</strong></span> <span class='ocrx_word' id='word_1_90' title='bbox 225 986 385 1052; x_wconf 78' lang='lat' dir='ltr'><strong>gignantur,</strong></span> <span class='ocrx_word' id='word_1_91' title='bbox 392 996 606 1040; x_wconf 85' lang='lat' dir='ltr'><strong>consentaneum</strong></span> <span class='ocrx_word' id='word_1_92' title='bbox 617 995 667 1050; x_wconf 86' lang='lat' dir='ltr'><strong>est,</strong></span> <span class='ocrx_word' id='word_1_93' title='bbox 677 989 704 1038; x_wconf 91' lang='lat' dir='ltr'><strong>in</strong></span> <span class='ocrx_word' id='word_1_94' title='bbox 714 989 750 1038; x_wconf 88' lang='lat' dir='ltr'><strong>iis</strong></span> <span class='ocrx_word' id='word_1_95' title='bbox 760 1002 820 1039; x_wconf 80' lang='lat' dir='ltr'><strong>sen·</strong></span> 
     </span>
     <span class='ocr_line' id='line_1_14' title="bbox 36 1054 819 1124; baseline 0.006 -22"><span class='ocrx_word' id='word_1_96' title='bbox 36 1067 85 1102; x_wconf 77' lang='lat' dir='ltr'><strong>suut</strong></span> <span class='ocrx_word' id='word_1_97' title='bbox 98 1055 189 1105; x_wconf 68' lang='lat' dir='ltr'><strong>anessa</strong></span> <span class='ocrx_word' id='word_1_98' title='bbox 210 1061 239 1105; x_wconf 88' lang='lat' dir='ltr'><strong>et</strong></span> <span class='ocrx_word' id='word_1_99' title='bbox 249 1054 475 1121; x_wconf 76' lang='lat' dir='ltr'><strong>intelligentiam.</strong></span> <span class='ocrx_word' id='word_1_100' title='bbox 512 1058 556 1108; x_wconf 81' lang='lat' dir='ltr'><strong>Ex</strong></span> <span class='ocrx_word' id='word_1_101' title='bbox 570 1073 624 1124; x_wconf 82' lang='lat' dir='ltr'><strong>quo</strong></span> <span class='ocrx_word' id='word_1_102' title='bbox 640 1057 770 1118; x_wconf 74' lang='lat' dir='ltr'><strong>etheloni,</strong></span> <span class='ocrx_word' id='word_1_103' title='bbox 791 1054 819 1108; x_wconf 80' lang='lat' dir='ltr'><strong>in</strong></span> 
     </span>
     <span class='ocr_line' id='line_1_15' title="bbox 35 1120 819 1178; baseline 0.004 -6"><span class='ocrx_word' id='word_1_104' title='bbox 35 1120 143 1173; x_wconf 84' lang='lat' dir='ltr'><strong>Deorum</strong></span> <span class='ocrx_word' id='word_1_105' title='bbox 158 1138 274 1174; x_wconf 82' lang='lat' dir='ltr'><strong>numero</strong></span> <span class='ocrx_word' id='word_1_106' title='bbox 291 1123 367 1175; x_wconf 82' lang='lat' dir='ltr'><strong>astra</strong></span> <span class='ocrx_word' id='word_1_107' title='bbox 377 1140 438 1176; x_wconf 86' lang='lat' dir='ltr'><strong>esse</strong></span> <span class='ocrx_word' id='word_1_108' title='bbox 449 1125 583 1178; x_wconf 83' lang='lat' dir='ltr'><strong>(lucenda.</strong></span> <span class='ocrx_word' id='word_1_109' title='bbox 618 1126 690 1177; x_wconf 77' lang='lat' dir='ltr'><strong>xvi.</strong></span> <span class='ocrx_word' id='word_1_110' title='bbox 707 1124 819 1177; x_wconf 73' lang='lat' dir='ltr'><strong>Etenim</strong></span> 
     </span>
     <span class='ocr_line' id='line_1_16' title="bbox 35 1189 820 1261; baseline 0.005 -21"><span class='ocrx_word' id='word_1_111' title='bbox 35 1189 90 1242; x_wconf 86' lang='lat' dir='ltr'><strong>lieet</strong></span> <span class='ocrx_word' id='word_1_112' title='bbox 106 1191 201 1241; x_wconf 76' lang='lat' dir='ltr'><strong>ridere</strong></span> <span class='ocrx_word' id='word_1_113' title='bbox 221 1193 349 1243; x_wconf 70' lang='lat' dir='ltr'><strong>acutiora</strong></span> <span class='ocrx_word' id='word_1_114' title='bbox 368 1192 484 1261; x_wconf 84' lang='lat' dir='ltr'><strong>ingenia</strong></span> <span class='ocrx_word' id='word_1_115' title='bbox 502 1203 532 1247; x_wconf 92' lang='lat' dir='ltr'><strong>et</strong></span> <span class='ocrx_word' id='word_1_116' title='bbox 551 1194 587 1246; x_wconf 83' lang='lat' dir='ltr'><strong>ad</strong></span> <span class='ocrx_word' id='word_1_117' title='bbox 606 1193 820 1261; x_wconf 73' lang='lat' dir='ltr'><strong>intelligendum</strong></span> 
     </span>
     <span class='ocr_line' id='line_1_17' title="bbox 35 1257 821 1330; baseline 0.004 -21"><span class='ocrx_word' id='word_1_118' title='bbox 35 1260 128 1325; x_wconf 78' lang='lat' dir='ltr'><strong>aptiora</strong></span> <span class='ocrx_word' id='word_1_119' title='bbox 138 1257 244 1323; x_wconf 76' lang='lat' dir='ltr'><strong>eorum,</strong></span> <span class='ocrx_word' id='word_1_120' title='bbox 260 1262 306 1326; x_wconf 89' lang='lat' dir='ltr'><strong>qui</strong></span> <span class='ocrx_word' id='word_1_121' title='bbox 316 1267 405 1313; x_wconf 85' lang='lat' dir='ltr'><strong>terras</strong></span> <span class='ocrx_word' id='word_1_122' title='bbox 416 1263 539 1318; x_wconf 80' lang='lat' dir='ltr'><strong>incolant</strong></span> <span class='ocrx_word' id='word_1_123' title='bbox 551 1279 607 1326; x_wconf 87' lang='lat' dir='ltr'><strong>eas,</strong></span> <span class='ocrx_word' id='word_1_124' title='bbox 621 1265 649 1314; x_wconf 88' lang='lat' dir='ltr'><strong>in</strong></span> <span class='ocrx_word' id='word_1_125' title='bbox 661 1265 761 1330; x_wconf 78' lang='lat' dir='ltr'><strong>quibua</strong></span> <span class='ocrx_word' id='word_1_126' title='bbox 771 1273 821 1316; x_wconf 79' lang='lat' dir='ltr'><strong>aer</strong></span> 
     </span>
     <span class='ocr_line' id='line_1_18' title="bbox 34 1329 819 1399; baseline 0.005 -22"><span class='ocrx_word' id='word_1_127' title='bbox 34 1329 63 1379; x_wconf 83' lang='lat' dir='ltr'><strong>rit</strong></span> <span class='ocrx_word' id='word_1_128' title='bbox 70 1343 149 1395; x_wconf 79' lang='lat' dir='ltr'><strong>purus</strong></span> <span class='ocrx_word' id='word_1_129' title='bbox 159 1344 193 1380; x_wconf 82' lang='lat' dir='ltr'><strong>aa</strong></span> <span class='ocrx_word' id='word_1_130' title='bbox 203 1332 305 1391; x_wconf 82' lang='lat' dir='ltr'><strong>tenuis,</strong></span> <span class='ocrx_word' id='word_1_131' title='bbox 317 1345 400 1397; x_wconf 76' lang='lat' dir='ltr'><strong>quarn</strong></span> <span class='ocrx_word' id='word_1_132' title='bbox 409 1331 532 1394; x_wconf 73' lang='lat' dir='ltr'><strong>illorum,</strong></span> <span class='ocrx_word' id='word_1_133' title='bbox 542 1333 589 1399; x_wconf 84' lang='lat' dir='ltr'><strong>qui</strong></span> <span class='ocrx_word' id='word_1_134' title='bbox 598 1338 714 1383; x_wconf 83' lang='lat' dir='ltr'><strong>utantur</strong></span> <span class='ocrx_word' id='word_1_135' title='bbox 724 1343 819 1382; x_wconf 74' lang='lat' dir='ltr'><strong>crasso</strong></span> 
     </span>
     <span class='ocr_line' id='line_1_19' title="bbox 32 1397 820 1467; baseline 0.003 -20"><span class='ocrx_word' id='word_1_136' title='bbox 32 1397 98 1449; x_wconf 82' lang='lat' dir='ltr'><strong>eaelo</strong></span> <span class='ocrx_word' id='word_1_137' title='bbox 109 1404 193 1464; x_wconf 85' lang='lat' dir='ltr'><strong>atque</strong></span> <span class='ocrx_word' id='word_1_138' title='bbox 204 1405 344 1450; x_wconf 78' lang='lat' dir='ltr'><strong>concreto.</strong></span> <span class='ocrx_word' id='word_1_139' title='bbox 371 1398 415 1450; x_wconf 80' lang='lat'><strong>43.</strong></span> <span class='ocrx_word' id='word_1_140' title='bbox 432 1400 608 1463; x_wconf 76' lang='lat' dir='ltr'><strong>Quinetiam,</strong></span> <span class='ocrx_word' id='word_1_141' title='bbox 621 1402 683 1451; x_wconf 84' lang='lat' dir='ltr'><strong>cibo</strong></span> <span class='ocrx_word' id='word_1_142' title='bbox 695 1406 820 1467; x_wconf 64' lang='lat' dir='ltr'><strong>quonia·</strong></span> 
     </span>
     <span class='ocr_line' id='line_1_20' title="bbox 30 1466 820 1537; baseline 0.005 -21"><span class='ocrx_word' id='word_1_143' title='bbox 30 1480 66 1528; x_wconf 90' lang='lat' dir='ltr'><strong>re,</strong></span> <span class='ocrx_word' id='word_1_144' title='bbox 84 1467 215 1519; x_wconf 76' lang='lat' dir='ltr'><strong>interesse</strong></span> <span class='ocrx_word' id='word_1_145' title='bbox 233 1466 340 1535; x_wconf 85' lang='lat' dir='ltr'><strong>aliquid</strong></span> <span class='ocrx_word' id='word_1_146' title='bbox 351 1468 387 1519; x_wconf 86' lang='lat' dir='ltr'><strong>ad</strong></span> <span class='ocrx_word' id='word_1_147' title='bbox 398 1470 498 1521; x_wconf 85' lang='lat' dir='ltr'><strong>mentis</strong></span> <span class='ocrx_word' id='word_1_148' title='bbox 509 1471 597 1522; x_wconf 79' lang='lat' dir='ltr'><strong>aciem</strong></span> <span class='ocrx_word' id='word_1_149' title='bbox 609 1475 716 1537; x_wconf 81' lang='lat' dir='ltr'><strong>putant.</strong></span> <span class='ocrx_word' id='word_1_150' title='bbox 752 1466 820 1520; x_wconf 71' lang='lat' dir='ltr'><strong>ero·</strong></span> 
     </span>
     <span class='ocr_line' id='line_1_21' title="bbox 32 1535 821 1606; baseline 0.003 -20"><span class='ocrx_word' id='word_1_151' title='bbox 32 1535 111 1589; x_wconf 82' lang='lat' dir='ltr'><strong>labile</strong></span> <span class='ocrx_word' id='word_1_152' title='bbox 121 1542 164 1588; x_wconf 82' lang='lat' dir='ltr'><strong>est</strong></span> <span class='ocrx_word' id='word_1_153' title='bbox 176 1537 271 1602; x_wconf 82' lang='lat' dir='ltr'><strong>igitur,</strong></span> <span class='ocrx_word' id='word_1_154' title='bbox 290 1544 477 1602; x_wconf 82' lang='lat' dir='ltr'><strong>praestantem</strong></span> <span class='ocrx_word' id='word_1_155' title='bbox 487 1539 702 1606; x_wconf 77' lang='lat' dir='ltr'><strong>intelligentiam</strong></span> <span class='ocrx_word' id='word_1_156' title='bbox 713 1537 741 1587; x_wconf 92' lang='lat' dir='ltr'><strong>in</strong></span> <span class='ocrx_word' id='word_1_157' title='bbox 751 1535 821 1588; x_wconf 76' lang='lat' dir='ltr'><strong>sitle-</strong></span> 
     </span>
     <span class='ocr_line' id='line_1_22' title="bbox 32 1602 821 1673; baseline -0.003 -17"><span class='ocrx_word' id='word_1_158' title='bbox 32 1605 173 1667; x_wconf 77' lang='lat' dir='ltr'><strong>nhusesse,</strong></span> <span class='ocrx_word' id='word_1_159' title='bbox 184 1621 256 1672; x_wconf 85' lang='lat' dir='ltr'><strong>quae</strong></span> <span class='ocrx_word' id='word_1_160' title='bbox 266 1614 295 1658; x_wconf 88' lang='lat' dir='ltr'><strong>et</strong></span> <span class='ocrx_word' id='word_1_161' title='bbox 306 1604 462 1658; x_wconf 81' lang='lat' dir='ltr'><strong>aetheream</strong></span> <span class='ocrx_word' id='word_1_162' title='bbox 473 1602 821 1673; x_wconf 75' lang='lat' dir='ltr'><strong>mundipartemineolent,</strong></span> 
     </span>
     <span class='ocr_line' id='line_1_23' title="bbox 33 1672 820 1742; baseline -0.001 -18"><span class='ocrx_word' id='word_1_163' title='bbox 33 1675 180 1726; x_wconf 66' lang='lat' dir='ltr'><strong>emarinis</strong></span> <span class='ocrx_word' id='word_1_164' title='bbox 201 1676 373 1741; x_wconf 69' lang='lat' dir='ltr'><strong>terrenisque</strong></span> <span class='ocrx_word' id='word_1_165' title='bbox 394 1674 557 1728; x_wconf 84' lang='lat' dir='ltr'><strong>humoribus</strong></span> <span class='ocrx_word' id='word_1_166' title='bbox 571 1676 656 1742; x_wconf 84' lang='lat' dir='ltr'><strong>longo</strong></span> <span class='ocrx_word' id='word_1_167' title='bbox 672 1672 820 1725; x_wconf 81' lang='lat' dir='ltr'><strong>intervalla</strong></span> 
     </span>
     <span class='ocr_line' id='line_1_24' title="bbox 33 1744 821 1808; baseline 0.004 -17"><span class='ocrx_word' id='word_1_168' title='bbox 33 1744 174 1795; x_wconf 79' lang='lat' dir='ltr'><strong>extenuatis</strong></span> <span class='ocrx_word' id='word_1_169' title='bbox 192 1744 312 1795; x_wconf 83' lang='lat' dir='ltr'><strong>alantur.</strong></span> <span class='ocrx_word' id='word_1_170' title='bbox 347 1744 462 1797; x_wconf 80' lang='lat' dir='ltr'><strong>Sensum</strong></span> <span class='ocrx_word' id='word_1_171' title='bbox 478 1752 573 1798; x_wconf 85' lang='lat' dir='ltr'><strong>autem</strong></span> <span class='ocrx_word' id='word_1_172' title='bbox 588 1752 725 1796; x_wconf 84' lang='lat' dir='ltr'><strong>astrorum</strong></span> <span class='ocrx_word' id='word_1_173' title='bbox 737 1748 821 1808; x_wconf 78' lang='lat' dir='ltr'><strong>atqua</strong></span> 
     </span>
     <span class='ocr_line' id='line_1_25' title="bbox 33 1810 821 1879; baseline 0.003 -16"><span class='ocrx_word' id='word_1_174' title='bbox 33 1810 232 1879; x_wconf 76' lang='lat' dir='ltr'><strong>intelligentiam</strong></span> <span class='ocrx_word' id='word_1_175' title='bbox 253 1814 374 1865; x_wconf 66' lang='lat' dir='ltr'><strong>maxime</strong></span> <span class='ocrx_word' id='word_1_176' title='bbox 393 1814 518 1866; x_wconf 84' lang='lat' dir='ltr'><strong>declarat</strong></span> <span class='ocrx_word' id='word_1_177' title='bbox 537 1814 607 1866; x_wconf 83' lang='lat' dir='ltr'><strong>orilo</strong></span> <span class='ocrx_word' id='word_1_178' title='bbox 625 1827 721 1866; x_wconf 86' lang='lat' dir='ltr'><strong>eorum</strong></span> <span class='ocrx_word' id='word_1_179' title='bbox 737 1818 821 1879; x_wconf 80' lang='lat' dir='ltr'><strong>atque</strong></span> 
     </span>
     <span class='ocr_line' id='line_1_26' title="bbox 33 1880 819 1951; baseline 0.004 -22"><span class='ocrx_word' id='word_1_180' title='bbox 33 1882 184 1934; x_wconf 74' lang='lat' dir='ltr'><strong>mutantia.</strong></span> <span class='ocrx_word' id='word_1_181' title='bbox 216 1880 299 1932; x_wconf 87' lang='lat' dir='ltr'><strong>Nihil</strong></span> <span class='ocrx_word' id='word_1_182' title='bbox 310 1889 353 1935; x_wconf 88' lang='lat' dir='ltr'><strong>est</strong></span> <span class='ocrx_word' id='word_1_183' title='bbox 363 1884 446 1945; x_wconf 79' lang='lat' dir='ltr'><strong>eninr,</strong></span> <span class='ocrx_word' id='word_1_184' title='bbox 465 1884 539 1951; x_wconf 85' lang='lat' dir='ltr'><strong>quod</strong></span> <span class='ocrx_word' id='word_1_185' title='bbox 550 1884 658 1935; x_wconf 85' lang='lat' dir='ltr'><strong>ratione</strong></span> <span class='ocrx_word' id='word_1_186' title='bbox 667 1888 819 1934; x_wconf 83' lang='lat' dir='ltr'><strong>etnumero</strong></span> 
     </span>
     <span class='ocr_line' id='line_1_27' title="bbox 32 1950 821 2019; baseline 0.003 -20"><span class='ocrx_word' id='word_1_187' title='bbox 32 1950 122 2002; x_wconf 75' lang='lat' dir='ltr'><strong>noreri</strong></span> <span class='ocrx_word' id='word_1_188' title='bbox 135 1951 229 2016; x_wconf 78' lang='lat' dir='ltr'><strong>possit</strong></span> <span class='ocrx_word' id='word_1_189' title='bbox 243 1951 302 2003; x_wconf 79' lang='lat' dir='ltr'><strong>aine</strong></span> <span class='ocrx_word' id='word_1_190' title='bbox 313 1953 443 2003; x_wconf 84' lang='lat' dir='ltr'><strong>consilio:</strong></span> <span class='ocrx_word' id='word_1_191' title='bbox 462 1954 492 2003; x_wconf 83' lang='lat' dir='ltr'><strong>in</strong></span> <span class='ocrx_word' id='word_1_192' title='bbox 503 1968 557 2019; x_wconf 85' lang='lat' dir='ltr'><strong>quo</strong></span> <span class='ocrx_word' id='word_1_193' title='bbox 571 1951 640 2003; x_wconf 84' lang='lat' dir='ltr'><strong>nihil</strong></span> <span class='ocrx_word' id='word_1_194' title='bbox 650 1958 694 2004; x_wconf 86' lang='lat' dir='ltr'><strong>est</strong></span> <span class='ocrx_word' id='word_1_195' title='bbox 703 1957 821 2003; x_wconf 83' lang='lat' dir='ltr'><strong>temera·</strong></span> 
     </span>
     <span class='ocr_line' id='line_1_28' title="bbox 31 2016 820 2082; baseline 0.001 -14"><span class='ocrx_word' id='word_1_196' title='bbox 31 2016 97 2080; x_wconf 72' lang='lat' dir='ltr'><strong>rium,</strong></span> <span class='ocrx_word' id='word_1_197' title='bbox 107 2019 183 2071; x_wconf 85' lang='lat' dir='ltr'><strong>nihil</strong></span> <span class='ocrx_word' id='word_1_198' title='bbox 193 2020 311 2082; x_wconf 79' lang='lat' dir='ltr'><strong>varium,</strong></span> <span class='ocrx_word' id='word_1_199' title='bbox 321 2019 557 2073; x_wconf 75' lang='lat' dir='ltr'><strong>nihiliortuiturn.</strong></span> <span class='ocrx_word' id='word_1_200' title='bbox 593 2020 774 2073; x_wconf 78' lang='lat' dir='ltr'><strong>ordoautera</strong></span> <span class='ocrx_word' id='word_1_201' title='bbox 783 2018 820 2069; x_wconf 81' lang='lat' dir='ltr'><strong>si·</strong></span> 
     </span>
     <span class='ocr_line' id='line_1_29' title="bbox 31 2084 827 2155; baseline 0 -16"><span class='ocrx_word' id='word_1_202' title='bbox 31 2084 123 2151; x_wconf 81' lang='lat' dir='ltr'><strong>ierant,</strong></span> <span class='ocrx_word' id='word_1_203' title='bbox 145 2089 217 2140; x_wconf 89' lang='lat' dir='ltr'><strong>etin</strong></span> <span class='ocrx_word' id='word_1_204' title='bbox 228 2089 302 2140; x_wconf 86' lang='lat' dir='ltr'><strong>omui</strong></span> <span class='ocrx_word' id='word_1_205' title='bbox 313 2091 480 2141; x_wconf 87' lang='lat' dir='ltr'><strong>aeternitate</strong></span> <span class='ocrx_word' id='word_1_206' title='bbox 492 2090 658 2153; x_wconf 71' lang='lat' dir='ltr'><strong>constantia,</strong></span> <span class='ocrx_word' id='word_1_207' title='bbox 677 2101 764 2155; x_wconf 74' lang='lat' dir='ltr'><strong>¹¹eque</strong></span> <span class='ocrx_word' id='word_1_208' title='bbox 774 2101 827 2139; x_wconf 80' lang='lat' dir='ltr'><strong>aa·</strong></span> 
     </span>
     <span class='ocr_line' id='line_1_30' title="bbox 30 2156 822 2225; baseline 0 -18"><span class='ocrx_word' id='word_1_209' title='bbox 30 2159 108 2207; x_wconf 80' lang='lat' dir='ltr'><strong>taram</strong></span> <span class='ocrx_word' id='word_1_210' title='bbox 118 2158 276 2225; x_wconf 54' lang='lat' dir='ltr'><strong>significan</strong></span> <span class='ocrx_word' id='word_1_211' title='bbox 297 2167 341 2209; x_wconf 84' lang='lat' dir='ltr'><strong>est</strong></span> <span class='ocrx_word' id='word_1_212' title='bbox 352 2159 423 2210; x_wconf 78' lang='lat' dir='ltr'><strong>euim</strong></span> <span class='ocrx_word' id='word_1_213' title='bbox 432 2159 516 2223; x_wconf 79' lang='lat' dir='ltr'><strong>plena</strong></span> <span class='ocrx_word' id='word_1_214' title='bbox 524 2160 652 2211; x_wconf 84' lang='lat' dir='ltr'><strong>rationis:</strong></span> <span class='ocrx_word' id='word_1_215' title='bbox 668 2172 755 2224; x_wconf 90' lang='lat' dir='ltr'><strong>neque</strong></span> <span class='ocrx_word' id='word_1_216' title='bbox 765 2156 822 2207; x_wconf 83' lang='lat' dir='ltr'><strong>lor·</strong></span> 
     </span>
     <span class='ocr_line' id='line_1_31' title="bbox 32 2224 820 2293; baseline 0 -17"><span class='ocrx_word' id='word_1_217' title='bbox 32 2227 125 2288; x_wconf 63' lang='lat' dir='ltr'>mmm,</span> <span class='ocrx_word' id='word_1_218' title='bbox 148 2242 221 2293; x_wconf 83' lang='lat' dir='ltr'><strong>quae</strong></span> <span class='ocrx_word' id='word_1_219' title='bbox 235 2227 331 2278; x_wconf 79' lang='lat' dir='ltr'><strong>antica</strong></span> <span class='ocrx_word' id='word_1_220' title='bbox 350 2228 481 2278; x_wconf 75' lang='lat' dir='ltr'><strong>varietati</strong></span> <span class='ocrx_word' id='word_1_221' title='bbox 501 2228 686 2281; x_wconf 81' lang='lat' dir='ltr'><strong>constantiam</strong></span> <span class='ocrx_word' id='word_1_222' title='bbox 705 2224 820 2292; x_wconf 77' lang='lat' dir='ltr'><strong>respuit.</strong></span> 
     </span>
     <span class='ocr_line' id='line_1_32' title="bbox 32 2288 821 2362; baseline -0.001 -18"><span class='ocrx_word' id='word_1_223' title='bbox 32 2288 154 2360; x_wconf 55' lang='lat' dir='ltr'><strong>inuitur</strong></span> <span class='ocrx_word' id='word_1_224' title='bbox 163 2310 242 2362; x_wconf 81' lang='lat' dir='ltr'><strong>ergo,</strong></span> <span class='ocrx_word' id='word_1_225' title='bbox 257 2302 289 2345; x_wconf 86' lang='lat' dir='ltr'><strong>ut</strong></span> <span class='ocrx_word' id='word_1_226' title='bbox 298 2298 421 2362; x_wconf 76' lang='lat' dir='ltr'><strong>ipsasaa</strong></span> <span class='ocrx_word' id='word_1_227' title='bbox 430 2303 535 2361; x_wconf 69' lang='lat' dir='ltr'><strong>niente,</strong></span> <span class='ocrx_word' id='word_1_228' title='bbox 554 2311 606 2348; x_wconf 87' lang='lat' dir='ltr'><strong>suo</strong></span> <span class='ocrx_word' id='word_1_229' title='bbox 614 2311 698 2349; x_wconf 78' lang='lat' dir='ltr'><strong>aeneo</strong></span> <span class='ocrx_word' id='word_1_230' title='bbox 709 2309 742 2345; x_wconf 85' lang='lat' dir='ltr'><strong>ae</strong></span> <span class='ocrx_word' id='word_1_231' title='bbox 754 2291 821 2343; x_wconf 78' lang='lat' dir='ltr'><strong>(livi-</strong></span> 
     </span>
     <span class='ocr_line' id='line_1_33' title="bbox 32 2361 821 2417; baseline -0.003 -5"><span class='ocrx_word' id='word_1_232' title='bbox 32 2361 102 2415; x_wconf 80' lang='lat' dir='ltr'><strong>ritate</strong></span> <span class='ocrx_word' id='word_1_233' title='bbox 113 2370 291 2416; x_wconf 80' lang='lat' dir='ltr'><strong>moveantur.</strong></span> <span class='ocrx_word' id='word_1_234' title='bbox 325 2364 369 2415; x_wconf 80' lang='grc'><strong>44,</strong></span> <span class='ocrx_word' id='word_1_235' title='bbox 380 2364 439 2416; x_wconf 86' lang='lat' dir='ltr'><strong>Nee</strong></span> <span class='ocrx_word' id='word_1_236' title='bbox 448 2380 514 2416; x_wconf 81' lang='lat' dir='ltr'><strong>rer-o</strong></span> <span class='ocrx_word' id='word_1_237' title='bbox 525 2364 686 2417; x_wconf 80' lang='lat' dir='ltr'><strong>Aristoteles</strong></span> <span class='ocrx_word' id='word_1_238' title='bbox 699 2377 752 2413; x_wconf 89' lang='lat' dir='ltr'><strong>non</strong></span> <span class='ocrx_word' id='word_1_239' title='bbox 763 2361 821 2411; x_wconf 87' lang='lat' dir='ltr'><strong>lau·</strong></span> 
     </span>
     <span class='ocr_line' id='line_1_34' title="bbox 33 2426 823 2499; baseline -0.001 -18"><span class='ocrx_word' id='word_1_240' title='bbox 33 2426 124 2482; x_wconf 68' lang='lat' dir='ltr'><strong>tardus</strong></span> <span class='ocrx_word' id='word_1_241' title='bbox 133 2430 170 2484; x_wconf 84' lang='lat' dir='ltr'><strong>in</strong></span> <span class='ocrx_word' id='word_1_242' title='bbox 180 2449 224 2495; x_wconf 90' lang='lat' dir='ltr'><strong>eo,</strong></span> <span class='ocrx_word' id='word_1_243' title='bbox 234 2432 308 2499; x_wconf 83' lang='lat' dir='ltr'><strong>quod</strong></span> <span class='ocrx_word' id='word_1_244' title='bbox 320 2434 494 2499; x_wconf 66' lang='lat' dir='ltr'><strong>omniaquae</strong></span> <span class='ocrx_word' id='word_1_245' title='bbox 505 2439 658 2496; x_wconf 81' lang='lat' dir='ltr'><strong>urerentur,</strong></span> <span class='ocrx_word' id='word_1_246' title='bbox 663 2439 712 2484; x_wconf 87' lang='lat' dir='ltr'><strong>aut</strong></span> <span class='ocrx_word' id='word_1_247' title='bbox 722 2436 823 2482; x_wconf 83' lang='lat' dir='ltr'><strong>natura</strong></span> 
     </span>
     <span class='ocr_line' id='line_1_35' title="bbox 33 2501 825 2563; baseline -0.004 -12"><span class='ocrx_word' id='word_1_248' title='bbox 33 2502 125 2551; x_wconf 75' lang='lat' dir='ltr'><strong>soseri</strong></span> <span class='ocrx_word' id='word_1_249' title='bbox 137 2503 257 2563; x_wconf 72' lang='lat' dir='ltr'><strong>censerit,</strong></span> <span class='ocrx_word' id='word_1_250' title='bbox 272 2508 320 2552; x_wconf 89' lang='lat' dir='ltr'><strong>aut</strong></span> <span class='ocrx_word' id='word_1_251' title='bbox 328 2502 364 2562; x_wconf 79' lang='lat' dir='ltr'><strong>vi,</strong></span> <span class='ocrx_word' id='word_1_252' title='bbox 378 2508 426 2552; x_wconf 85' lang='lat' dir='ltr'><strong>aut</strong></span> <span class='ocrx_word' id='word_1_253' title='bbox 436 2503 593 2553; x_wconf 80' lang='lat' dir='ltr'><strong>voluntate:</strong></span> <span class='ocrx_word' id='word_1_254' title='bbox 614 2501 722 2553; x_wconf 81' lang='lat' dir='ltr'><strong>moveri</strong></span> <span class='ocrx_word' id='word_1_255' title='bbox 732 2505 825 2550; x_wconf 81' lang='lat' dir='ltr'><strong>autera</strong></span> 
     </span>
     <span class='ocr_line' id='line_1_36' title="bbox 33 2567 824 2637; baseline 0 -18"><span class='ocrx_word' id='word_1_256' title='bbox 33 2567 105 2619; x_wconf 67' lang='lat' dir='ltr'><strong>eleni</strong></span> <span class='ocrx_word' id='word_1_257' title='bbox 117 2577 151 2622; x_wconf 83' lang='lat' dir='ltr'><strong>et</strong></span> <span class='ocrx_word' id='word_1_258' title='bbox 163 2571 257 2621; x_wconf 78' lang='lat' dir='ltr'><strong>lunam</strong></span> <span class='ocrx_word' id='word_1_259' title='bbox 269 2577 297 2621; x_wconf 87' lang='lat' dir='ltr'><strong>et</strong></span> <span class='ocrx_word' id='word_1_260' title='bbox 308 2570 401 2621; x_wconf 85' lang='lat' dir='ltr'><strong>sidera</strong></span> <span class='ocrx_word' id='word_1_261' title='bbox 411 2572 517 2623; x_wconf 80' lang='lat' dir='ltr'><strong>omnia:</strong></span> <span class='ocrx_word' id='word_1_262' title='bbox 537 2585 607 2637; x_wconf 85' lang='lat' dir='ltr'><strong>quae</strong></span> <span class='ocrx_word' id='word_1_263' title='bbox 622 2575 715 2620; x_wconf 83' lang='lat' dir='ltr'><strong>autern</strong></span> <span class='ocrx_word' id='word_1_264' title='bbox 724 2572 824 2619; x_wconf 75' lang='lat' dir='ltr'><strong>numia</strong></span> 
     </span>
     <span class='ocr_line' id='line_1_37' title="bbox 30 2634 827 2706; baseline -0.004 -22"><span class='ocrx_word' id='word_1_265' title='bbox 30 2645 211 2702; x_wconf 75' lang='lat' dir='ltr'><strong>uererentur,</strong></span> <span class='ocrx_word' id='word_1_266' title='bbox 225 2639 295 2692; x_wconf 84' lang='lat' dir='ltr'><strong>haee</strong></span> <span class='ocrx_word' id='word_1_267' title='bbox 305 2644 354 2691; x_wconf 88' lang='lat' dir='ltr'><strong>aut</strong></span> <span class='ocrx_word' id='word_1_268' title='bbox 362 2638 484 2706; x_wconf 75' lang='lat' dir='ltr'><strong>pondere</strong></span> <span class='ocrx_word' id='word_1_269' title='bbox 495 2639 635 2698; x_wconf 83' lang='lat' dir='ltr'><strong>deorsum,</strong></span> <span class='ocrx_word' id='word_1_270' title='bbox 653 2641 703 2687; x_wconf 88' lang='lat' dir='ltr'><strong>aut</strong></span> <span class='ocrx_word' id='word_1_271' title='bbox 712 2634 827 2685; x_wconf 78' lang='lat' dir='ltr'><strong>levitate</strong></span> 
     </span>
     <span class='ocr_line' id='line_1_38' title="bbox 13 2705 623 2781; baseline 0.003 -26"><span class='ocrx_word' id='word_1_272' title='bbox 13 2736 14 2781; x_wconf 83' lang='lat' dir='ltr'><strong>l</strong></span> <span class='ocrx_word' id='word_1_273' title='bbox 53 2705 113 2757; x_wconf 83' lang='lat' dir='ltr'><strong>Cic.</strong></span> <span class='ocrx_word' id='word_1_274' title='bbox 126 2710 180 2761; x_wconf 81' lang='lat'>01¹.</span> <span class='ocrx_word' id='word_1_275' title='bbox 190 2709 239 2761; x_wconf 78' lang='lat' dir='ltr'><strong>lx.</strong></span> <span class='ocrx_word' id='word_1_276' title='bbox 344 2764 346 2767; x_wconf 68' lang='grc'><strong>,</strong></span> <span class='ocrx_word' id='word_1_277' title='bbox 598 2706 623 2757; x_wconf 81' lang='lat' dir='ltr'><strong>il</strong></span> 
     </span>
     <span class='ocr_line' id='line_1_39' title="bbox 13 2788 14 2823; baseline 0 0"><span class='ocrx_word' id='word_1_278' title='bbox 13 2788 14 2823; x_wconf 88' lang='lat' dir='ltr'><strong>l</strong></span> 
     </span>
    </p>
   </div>
   <div class='ocr_carea' id='block_1_3' title="bbox 0 0 1046 3025">
    <p class='ocr_par' dir='ltr' id='par_1_3' title="bbox 0 0 1046 3025">
     <span class='ocr_line' id='line_1_40' title="bbox 0 0 1046 3025; baseline 0 0"><span class='ocrx_word' id='word_1_279' title='bbox 0 0 1046 3025; x_wconf 95' lang='lat' dir='ltr'><strong> </strong></span> 
     </span>
    </p>
   </div>
  </div>
 </body>
</html>
