2084 3025
272 95 352 150 mn.
370 96 392 169 ι.
429 95 512 163 cir,
529 95 571 149 1s.
588 94 632 150 io
802 92 854 151 sao

48 201 132 253 ritate
142 199 407 260 involutanaturae,
437 200 499 266 Non
510 201 584 252 enim
595 215 639 253 me
648 199 725 252 Deus
736 199 793 252 ista
803 200 854 252 sci·

48 285 84 330 ro,
102 269 152 322 sed
164 268 209 319 his
220 270 415 322 tantummodo
425 270 467 321 uti
479 271 576 322 voluit.
613 270 683 322 Utar
693 269 788 338 igitur,
804 284 855 322 nco

47 340 169 395 adducar
177 346 211 389 ut
220 354 296 403 rear,
315 348 363 392 aut
374 342 404 392 in
415 341 488 393 extis
496 347 588 392 totam
600 341 742 392 Etruriam
755 339 854 391 delira·

15 440 17 453 ι
45 425 82 472 re,
92 416 143 460 aut
153 409 281 461 eamdem
293 416 405 477 gentem
416 411 444 461 in
454 410 612 478 fulguribus
623 425 726 473 errare,
744 416 792 461 aut
803 409 854 461 ial-

14 496 15 501 ’
45 480 145 531 laciter
154 485 289 545 portenta
299 481 491 547 interpretari,
512 496 595 548 quum
606 487 698 533 terrae
709 495 792 547 saepe
802 479 855 531 ire·

46 550 143 612 unitus,
167 564 253 616 saepe
272 551 408 616 mugitus,
427 565 510 616 saepe
530 554 625 601 motus
639 550 728 602 multa
743 556 856 602 nostrae

46 618 232 685 reipublicae,
254 620 348 669 multa*
363 621 465 672 ceteris
475 620 635 672 civitatibus
646 620 742 689 gravia
753 627 857 671 et'vera

47 688 248 754 praedixerint.
266 687 308 739 36.
320 689 413 751 Quidi
431 690 631 757 quiin-ridetur,
638 696 734 755 partus
746 687 790 738 hic
799 694 856 738 mu·

48 758 101 820 iae,
123 773 231 821 nonne,
251 759 317 825 quia
326 759 520 810 fetus'exstitit
531 759 559 809 in
569 760 721 811 sterilitate
731 765 856 821 naturae,

48 827 210 894 praedictus
233 835 277 878 est
297 829 332 879 ab
356 826 549 896 haruspicibus
570 828 741 880 incredibilis
763 836 858 893 partus

46 897 202 947 malorumi
225 896 316 979 Quipi
337 898 382 949 Ti.
394 895 552 960 Gracchus,
572 897 602 949 P.
613 898 667 960 E,
678 898 779 967 quibis
790 898 858 946 Con·

46 967 87 1018 sui
99 973 130 1018 et
140 966 325 1029 Censorfuit',
343 967 473 1035 idemque
491 974 520 1022 et
535 983 658 1019 summus
673 981 763 1032 augur
778 971 806 1017 ct
817 966 859 1017 vir

45 1037 156 1103 sapiens
174 1036 298 1102 civisque
314 1044 474 1103 praestans,
492 1053 585 1090 noune
600 1039 694 1102 (ut'C.
707 1033 857 1098 Gracchus,

45 1106 119 1156 fliius
130 1106 193 1156 eius
198 1141 207 1168 ,
228 1108 362 1173 scriptum
375 1108 506 1175 reliquii)
518 1107 625 1158 duobus
637 1108 771 1174 anguibus
782 1104 858 1156 domi

46 1174 265 1241 comprehensis,
278 1176 442 1243 haruspices
454 1177 635 1229 convocavit!
655 1178 710 1241 Qui
722 1192 805 1244 quum
816 1191 858 1226 re·

45 1245 234 1313 spondissent,
246 1247 270 1296 si
280 1262 385 1297 marem
396 1248 545 1307 emisisset,
553 1248 634 1299 uxori
644 1247 724 1299 brevi
732 1253 859 1312 tempore

45 1314 307 1379 essemoriendun13
328 1316 354 1366 si
363 1315 505 1380 feminam,
514 1317 582 1383 ipsi:
599 1318 714 1385 aequius
725 1328 786 1367 esse
798 1331 860 1367 cen·
945 1314 949 1332 ’

44 1386 111 1448 suit,
123 1401 154 1436 se
163 1391 306 1441 maturam
318 1392 451 1453 oppetere
461 1394 589 1449 mortem,
601 1402 683 1454 quam
694 1386 724 1438 P.
733 1383 859 1436 Africani

45 1456 134 1506 filiam
152 1453 369 1507 adolescentem.
406 1454 550 1508 Feminam
566 1458 671 1508 emisit:
690 1457 752 1522 ipse
764 1453 859 1522 paucis

45 1531 112 1593 post
123 1525 224 1577 diebus
236 1531 279 1576 est
291 1533 426 1579 mortuus.
462 1527 539 1580 XIX.
557 1528 725 1578 irrideamus
736 1523 861 1589 haruspi-

44 1612 104 1648 ces:
127 1610 232 1657 vanos,
254 1593 577 1664 iutiies‘essedicamus:
599 1611 771 1663 quorumque
780 1593 861 1644 disci·

42 1667 151 1734 plinam
164 1671 196 1716 et
205 1666 494 1731 sapientissimus'vir,
517 1673 547 1719 et
564 1672 679 1718 euentus
690 1680 724 1715 ac
733 1679 777 1716 res
789 1677 860 1713 eorn-

42 1735 188 1803 probarit,
209 1741 429 1788 contemnamus:
453 1744 663 1789 contemnamus
673 1735 758 1787 etiam
769 1731 860 1799 Bab'y·

42 1805 137 1858 lonios
154 1810 265 1865 eteos,
286 1809 333 1872 qui
347 1822 362 1858 e
378 1809 502 1858 Caucaso
524 1807 596 1857 cacii
611 1806 693 1872 signa
706 1809 859 1865 servantes,

43 1876 170 1930 numeris
194 1874 339 1926 stellarum
360 1891 455 1926 cursus
476 1882 504 1929 et
519 1877 631 1928 motus*
645 1880 858 1943 persequuntur:

44 1945 274 2007 condemnemus,
284 1946 405 2012 inquam,
416 1944 467 1996 hos
478 1953 527 1997 aut
538 1946 684 2007 stultitiae,
695 1953 743 1996 aut
753 1943 859 1995 sanita·

41 2016 91 2075 tis,
103 2022 154 2065 aut
165 2014 403 2082 imp[r]udentiac,
415 2016 462 2082 qui
474 2031 539 2067 cccc
551 2014 709 2082 nxxmiliia
718 2028 860 2075 annorum,

41 2091 73 2135 ut
84 2085 143 2151 ipsi
154 2084 267 2146 dicunt,
290 2083 475 2137 monumentis
491 2082 690 2151 comprehensa
705 2084 859 2144 continent,

41 2161 70 2207 et
81 2153 203 2205 mentiri
216 2154 379 2216 iudicemus,
390 2170 441 2206 nec
451 2153 627 2206 saeculorum
638 2154 806 2221 reliquorum
818 2153 859 2202 iu-

40 2223 153 2275 dicium
167 2221 291 2290 quod'de
302 2225 370 2291 ipsis
382 2223 506 2276 buturum
518 2225 566 2285 sit,
581 2225 785 2290 pontinia-scere.
815 2219 859 2272 3⁷.

39 2295 109 2361 Age,
127 2293 332 2346 Barbari‘uani
342 2301 425 2362 atque
436 2293 565 2347 fallaces:
587 2309 651 2343 num
661 2293 749 2344 etiam
760 2290 859 2341 Graio·

37 2379 103 2415 rum
117 2362 243 2414 historia
253 2364 372 2415 mentita
383 2365 442 2416 esti
454 2379 525 2431 quae
536 2357 767 2430 Croeso-Pythius
778 2357 859 2424 Apol·

38 2433 75 2496 lo,
98 2440 134 2485 ut
140 2434 186 2485 de
197 2434 320 2484 naturali
331 2433 500 2486 divinatione
513 2431 613 2494 dicam,
634 2447 704 2500 quiae
714 2427 860 2481 Athenien·

37 2505 131 2566 sibus,
145 2519 221 2571 quae
232 2502 472 2565 Lacedaemoniis,
487 2517 558 2570 quae
569 2501 712 2571 Tegeatis,
731 2510 801 2561 quac
812 2495 859 2542 hr-

35 2576 128 2642 giuis,
140 2589 215 2641 quae
228 2569 379 2624 corinthiis
388 2570 573 2640 respoudbrit,
586 2572 648 2636 quis
659 2562 787 2635 ignorati
800 2559 861 2609 Coi-

36 2646 127 2713 legit=
139 2643 359 2697 innumerabilia
376 2642 489 2706 oracula
504 2640 690 2707 Chrysippus,
711 2644 761 2682 nec
775 2627 860 2677 ulium
