2084 3025
196 119 234 175 οι
315 97 320 104 ’
378 114 436 167 nn
454 77 623 169 uarum
641 114 826 172 unorum

198 219 332 291 periretis
348 220 504 273 etmaturis
518 220 602 272 docet
618 236 679 272 esse
688 221 821 283 meliora,
841 218 912 273 utin
925 235 1007 290 equo,

199 283 285 361 quani
293 292 322 341 in
332 290 465 357 equule03
485 292 513 341 in
522 306 607 352 cane,
628 306 711 357 quam
726 291 872 356 incatu103
891 292 925 342 vin
934 294 1010 358 uiro,

121 415 122 420 ,
199 378 281 431 quam
293 361 322 411 in
331 375 432 427 puero:
449 361 529 422 item,
546 360 621 427 quod
631 361 660 411 in
672 361 747 411 omni
757 362 859 413 mundo
871 363 1011 429 optimum

201 433 249 493 sit,
268 430 297 481 id
307 430 336 480 in
346 429 472 497 perfecto
483 431 578 497 aliquo
589 437 673 497 atque
684 431 812 482 absoluto
824 447 884 484 esse
896 430 1009 485 debere.

200 500 242 554 39.
261 501 312 550 Est
328 507 419 551 autem
434 500 537 551 mundo
553 499 621 551 nihil
636 501 801 568 perfectius:
821 500 891 553 nihil
902 502 1010 555 virtute

200 570 308 622 melius.
344 569 433 637 Igitur
451 570 547 621 mundi
561 577 603 621 est
614 572 727 637 propria
738 573 836 638 uirtus.
872 571 1011 625 Neerero

200 638 320 690 hominis
341 640 585 706 naturaperieetn
607 647 668 692 esti
685 646 714 691 et
733 641 966 694 effioiturtamen
980 642 1011 694 in

160 707 172 720 '
200 709 313 761 homine
323 709 420 761 virtus.
442 710 553 772 Quanto
565 710 653 775 igitur
662 712 691 761 in
704 711 806 762 mundo
816 710 948 764 faciliori
958 709 1013 764 nat

199 793 269 899 {rgo
284 779 313 829 in
329 795 363 832 eo
377 780 474 832 virtus.
511 779 629 848 Sapiens
646 784 689 832 e'st
699 781 800 849 igitur3
822 788 852 835 et
861 788 1015 850 propterea

244 864 283 899 us
858 889 864 896 .

228 865 309 966 eXV.
330 913 420 981 Atque
434 911 487 964 bae
502 912 599 963 mundi
614 910 762 974 divinitate
778 915 931 979 perspecta,
952 907 1004 959 tri·

182 979 305 1037 buenda
314 990 358 1035 est
368 982 504 1035 sideribus
515 982 613 1034 eadem
626 983 771 1036 divinitas:
784 995 854 1048 quae
865 994 901 1030 ex
911 978 1008 1030 mobi-

196 1052 304 1105 lissima
324 1053 527 1118 purissimaque
545 1049 666 1103 aetheris
682 1058 762 1117 parte
776 1054 941 1119 gignuntur3
961 1066 1011 1104 ne·

197 1139 250 1191 que
261 1122 319 1174 ulla
328 1129 476 1188 ,praeterea
486 1127 552 1172 sunt
561 1121 687 1172 admixta
697 1128 804 1185 natura,
815 1127 933 1188 totaque
943 1125 1012 1173 suni

198 1191 292 1244 calida
307 1200 390 1258 atque
406 1191 564 1257 perlucida:
585 1196 617 1242 ut
633 1207 667 1244 ea
682 1207 791 1259 quoque
805 1189 962 1244 rectissime
977 1197 1010 1248 et

198 1262 349 1314 animantia
360 1278 430 1322 esse,
451 1266 480 1314 et
490 1262 594 1314 sentire
605 1271 688 1328 atque
699 1262 857 1330 intelligere
868 1260 1010 1314 dieantur.

137 1390 143 1401 ⁸
196 1332 240 1385 to.
259 1334 347 1399 Atque
362 1347 400 1390 ea
411 1331 524 1398 quidem
538 1337 600 1383 tota
616 1348 677 1383 (esse
694 1331 792 1399 ignea,
812 1332 933 1384 duorum
948 1347 1011 1384 sen·

198 1417 278 1453 suum
289 1402 451 1453 testimonio
463 1401 623 1453 confirmari
634 1401 783 1460 Clemithos
797 1408 893 1469 putat,
913 1408 1010 1454 taetus

198 1478 226 1525 et
237 1471 392 1525 oculorum.
428 1471 500 1524 Nam
512 1471 581 1523 solis
593 1471 697 1523 candor
707 1473 844 1525 illustrior
856 1479 911 1533 est,
925 1486 1011 1540 quum

197 1542 284 1594 ullius
299 1543 386 1611 ignis,
410 1542 513 1609 quippe
528 1542 575 1608 qui
591 1542 726 1595 immenso
738 1543 841 1595 mundo
852 1550 913 1594 tom
925 1544 1013 1610 louge

196 1613 310 1680 lateque
321 1613 479 1673 eoilueeatt,
495 1617 524 1663 et
534 1611 559 1661 is
567 1612 633 1678 “eius
643 1619 737 1663 ‘taetus
747 1621 802 1676 est,
820 1629 875 1665 non
891 1620 1013 1681 uttep'o·

197 1682 286 1737 faeiat
301 1682 405 1745 solum,
424 1681 577 1733 sedetiam
597 1694 680 1748 saepe
692 1683 845 1734 comburat.
881 1682 1014 1744 Quorum

197 1758 327 1806 neutrum
337 1753 457 1812 faceret,
478 1751 534 1800 nisi
545 1758 620 1803 esset
629 1752 737 1819 igneus.
773 1788 790 1816 ,‚
798 1753 887 1820 Ergo,
907 1753 1014 1820 intulit,

198 1838 282 1891 quum
303 1822 348 1872 sol
366 1823 466 1887 igneus
486 1820 524 1870 sit
546 1814 710 1890 Oceanique,
724 1821 818 1879 alatum
836 1820 1016 1887 humoribus,

198 1892 265 1959 quia
276 1891 369 1942 nullus
380 1890 454 1956 ignis
464 1889 524 1940 sine
535 1897 617 1956 pastu
629 1892 724 1959 aliquo
735 1893 1014 1960 possitpermanere:
1040 1944 1041 1949 ,

198 1976 312 2012 neeesse
324 1965 380 2023 est,
400 1964 450 2010 aut
460 1959 486 2010 ei
496 1960 595 2012 similis
606 1962 643 2014 sit
655 1962 728 2028 igni,
749 1977 831 2029 quem
845 1959 1017 2021 adbibemm
1040 1986 1041 2017 i

199 2029 235 2081 ad
245 2045 328 2080 usum
338 2037 422 2096 atque
432 2028 469 2080 ad
478 2029 593 2094 rictum,
611 2038 661 2083 aut
670 2032 706 2095 ai,
718 2033 766 2100 qui
776 2032 942 2100 corporibus
954 2033 1018 2086 ani·

198 2100 333 2150 montium
343 2100 510 2152 continetur.
522 2097 567 2153 41.
577 2102 662 2168 Atqui
673 2099 718 2154 bio
726 2108 822 2154 noster
833 2103 917 2173 ignis¹
927 2118 1020 2170 quein

198 2183 265 2221 usus
284 2169 358 2221 vitae
378 2169 512 2236 requirit,
540 2171 685 2224 confector
709 2177 752 2224 est
777 2179 807 2225 et
828 2180 1019 2241 consumptor
1039 2202 1040 2211 κ

200 2238 334 2303 omnium3
345 2239 485 2307 idemque,
495 2255 668 2308 quocumque
678 2241 788 2305 invasit,
800 2248 900 2299 cuneta
906 2242 1019 2297 distur-

198 2309 248 2373 bat
259 2324 292 2360 ac
303 2309 429 2377 dissipat.
465 2310 570 2361 Contra
579 2310 630 2363 ille
641 2326 801 2379 corporeus,
818 2313 916 2365 vitalis
927 2319 960 2367 et
970 2329 1024 2367 sn·

198 2379 308 2441 lutaris,
320 2381 413 2432 omnia
423 2386 579 2442 conservat,
591 2380 651 2443 alit,
660 2387 753 2449 anget,
771 2384 901 2446 sustinet,
914 2399 1018 2438 sensu-
1038 2424 1039 2449 q

140 2476 144 2481 ν
199 2456 253 2517 quo
264 2449 383 2503 afficit.“
401 2449 495 2516 Negat
505 2463 573 2517 ergo
584 2465 646 2502 esse
656 2451 779 2513 dubium,
790 2451 889 2507 horum
898 2452 1018 2520 ignium
1038 2476 1039 2541 q

197 2521 242 2571 sol
251 2520 309 2571 utri
315 2520 417 2571 similis
428 2521 479 2580 sit,
498 2532 582 2585 quum
593 2519 618 2571 is
629 2536 738 2588 quoque
750 2521 852 2573 efficint
870 2528 903 2573 ut
915 2525 1020 2578 omnia

195 2586 324 2651 floreant,
339 2595 368 2641 et
378 2590 409 2640 in
418 2604 469 2639 suo
480 2603 605 2661 quaeque
615 2603 718 2657 genere
728 2558 896 2658 pubeseniit.»
914 2591 1019 2654 Quare
1036 2620 1038 2647 s

90 2733 99 2751 f
196 2674 281 2735 quum
296 2658 365 2711 solis
381 2658 456 2725 ignis
471 2658 573 2712 similis
583 2673 681 2712 eorum
691 2659 798 2730 ignium
808 2662 861 2725 sit,
882 2661 932 2729 qui
943 2671 1019 2717 sunt
1035 2696 1038 2807 A

454 2860 587 2969 w
907 2814 1037 2999 i
