2084 3025
203 15 223 75 'b'

119 106 214 341 βῆ
432 130 723 200 -cnromaron
954 140 957 145 ⁴

196 256 236 315 et,
255 257 398 318 tamquam
409 251 437 302 in
453 253 585 304 arborum
598 252 692 305 baccis
707 248 855 319 terraeque
868 248 1006 319 fragilius,
1040 282 1041 291 κ

91 344 120 411 s
195 322 360 374 maturitate
381 323 549 390 tempestiva
569 324 649 390 quasi
670 323 777 374 victum
800 328 830 374 et
855 320 1007 372 caducum:
1040 346 1041 385 q

84 430 91 453 ,
196 390 271 460 quod
282 390 427 443 ferendum
439 399 481 445 est
492 391 616 446 molliter
626 393 755 460 sapienti.
789 389 865 453 Quid
877 390 951 442 euim
962 397 1008 442 cst

196 461 283 523 aliud,
293 459 443 528 Gigantum
453 458 538 513 mo'do
549 463 657 516 bellare
668 461 729 514 cum
740 461 812 524 Diis,
824 461 880 512 nisi
889 466 1009 513 naturae
1040 492 1041 539 q

195 531 370 599 repugnaret
396 534 422 586 o.
440 532 605 587 Laeuius.
621 533 716 601 Atqui,
727 534 806 594 Cato,
816 531 1010 600 gratissimum
1040 546 1041 589 l

197 601 293 664 uobis,
314 607 346 653 ut
356 603 439 654 etiam
456 618 507 669 pro
518 601 645 671 Scipione
660 601 811 671 pollicear,
833 600 953 657 feceris.
973 599 1009 662 εἰ,
1040 612 1041 667 l

198 672 330 740 quoniam
341 687 493 739 speramus,
503 674 633 725 volumus
644 673 756 742 quidem
770 678 854 733 certe,
865 672 950 725 senes
957 669 1010 723 fic·
1040 670 1041 735 l

198 741 410 804 mantenano
422 758 439 793 a
449 749 477 795 te
488 742 684 807 didicerimus,
708 741 806 810 quibus
816 740 956 793 facillime
964 755 1012 790 ra·
1040 738 1041 795 l

157 868 159 871 ,
198 811 324 864 tionibus
347 813 588 884 ingravescentem
613 820 740 883 aetatem
762 812 835 864 ferre
857 811 1011 878 possimus.

200 883 276 935 Cau.
295 881 410 935 Faciam
420 899 501 947 vero,
517 884 611 948 Laeli3
631 883 797 952 praesertim
807 882 832 932 si
841 882 955 948 utrique
964 896 1012 932 ve·

200 956 299 1014 strum,
313 958 347 1002 ut
357 953 435 1015 dieis,
450 961 561 1022 gratum
572 955 697 1007 futurum
709 960 761 1006 est.
796 951 901 1003 Lim..
924 949 1012 1001 Volu-

199 1039 261 1074 mus
271 1037 348 1085 sanc,
356 1023 411 1087 nisi
422 1025 572 1077 molestum
581 1031 633 1088 est,
645 1026 875 1090 ennumquam
886 1021 1011 1088 aliquam

199 1092 274 1142 riam
288 1090 401 1160 longam
415 1093 584 1158 confeceris,
604 1094 686 1162 quam
700 1094 780 1144 nobis
793 1106 903 1160 quoque
919 1091 1013 1158 ingro-

162 1225 166 1232 α
200 1159 331 1213 diendum
342 1163 390 1224 sit,
400 1162 483 1227 istuc,
494 1180 548 1231 quo
559 1164 720 1232 pervenisti,
728 1162 832 1225 ridere,
843 1161 927 1228 quale
937 1161 985 1212 sit.

215 1287 218 1293 ¹
254 1229 299 1281 lll.
319 1232 344 1283 7.
363 1233 462 1286 Caro.
481 1234 611 1298 Faciam,
631 1241 663 1286 ut
674 1239 782 1302 potero,
792 1232 884 1284 Laeli.
922 1229 1013 1298 Saepe

201 1299 276 1353 enim
287 1300 402 1355 interfui
412 1305 535 1370 querelis
546 1320 672 1358 meorum
682 1303 851 1372 aequalium,
861 1304 956 1372 (parea
966 1317 1013 1356 au·

200 1377 256 1423 tem
269 1387 329 1423 curn
337 1372 462 1440 periisse,
476 1375 568 1428 veteri
577 1375 733 1444 proverbio,
749 1372 887 1446 facillime
900 1388 1012 1441 congre·

198 1451 316 1514 guntur,
322 1445 335 1505 )
348 1445 459 1510 quaec.
471 1441 624 1508 Salinator,
637 1440 717 1512 'quae
727 1442 774 1510 Sp.
784 1442 911 1504 Albinus,
923 1439 1012 1493 bemi-

201 1528 251 1564 nes
262 1514 437 1577 Consulares,
454 1516 546 1567 nostri
555 1516 614 1569 iere
626 1515 765 1584 aequales,
778 1511 1012 1581 deploraresole·

201 1582 284 1635 bant:
305 1588 365 1635 tum
384 1584 458 1651 quod
471 1586 663 1654 voluptatibus
675 1586 815 1646 carerent,
836 1584 898 1635 siue
911 1582 1012 1650 quibus

201 1654 290 1705 vitam
307 1654 411 1705 nullam
432 1662 578 1722 putarent3
599 1663 659 1708 tum
675 1655 748 1723 quod
764 1659 964 1724 spernerentur
978 1652 1012 1705 ab

202 1723 247 1785 iis,
264 1738 280 1773 a
291 1725 392 1790 quibus
403 1732 496 1777 essent
508 1728 562 1779 coli
573 1726 660 1778 soliti.
687 1725 741 1790 Qui
752 1721 820 1775 mihi
828 1739 886 1775 uon
897 1722 927 1773 id
937 1721 1013 1775 vide·

201 1792 306 1843 bantur
316 1810 456 1858 accusare,
468 1797 542 1863 quod
554 1793 832 1848 essetaccusandum.
863 1793 937 1844 Nam
947 1792 974 1843 si
984 1790 1012 1844 id

203 1863 287 1927 eulpa
297 1866 449 1916 senectutis
459 1865 613 1929 accideret,
625 1866 723 1920 eadem
738 1861 806 1915 mibi
820 1862 1012 1926 usuvenirent,

201 1929 372 1999 reliquisque
394 1936 521 1987 omnibus
541 1937 694 1987 maioribus
714 1940 795 1997 natu3
818 1947 937 2000 quorum
959 1948 1011 2002 ego

202 2002 355 2052 uiultorum
370 2007 489 2073 cognovi
505 2007 678 2058 senectutem
695 2005 754 2055 sinc
766 2002 894 2071 querela:
917 2003 966 2070 qui
983 2018 1011 2056 sc

203 2078 232 2123 et
248 2071 532 2131 libidinumnineulis
549 2076 661 2127 laxatos
677 2090 737 2127 esse
753 2089 809 2124 non
824 2073 947 2125 moleste
961 2073 1012 2125 fes·

203 2147 278 2201 rent,
299 2157 351 2193 nec
362 2158 378 2193 a
389 2143 447 2195 suis
458 2145 676 2213 despicerentur.
713 2142 769 2195 Sed
781 2143 908 2194 omnium
918 2143 1011 2194 istius·

203 2211 280 2278 tuadi
289 2212 465 2279 querelarum
475 2214 503 2267 in
513 2217 637 2269 moribus
648 2221 691 2268 est
700 2214 789 2280 culpa,
800 2228 856 2264 non
867 2213 898 2264 in
911 2217 1010 2268 aetate

201 2279 346 2334 Moderati
357 2283 431 2335 enim
447 2290 476 2335 et
489 2301 542 2337 nec
556 2285 683 2337 difficiles
698 2299 749 2335 nec
768 2280 918 2335 inhumani
934 2297 1012 2337 senes

194 2352 379 2407 tolerabilem
395 2361 481 2421 agunt
496 2357 682 2409 senectutem:
703 2349 903 2420 importunitas
920 2359 1013 2407 autem

202 2425 230 2473 et
245 2419 433 2484 inhumanitas
450 2425 525 2475 omni
542 2427 631 2478 aetati
645 2425 762 2476 molesta
774 2429 826 2476 est.
863 2424 890 2475 8.
908 2417 1013 2476 Laut..

103 2523 113 2533 «
202 2490 262 2551 list,
283 2497 314 2542 ut
331 2492 410 2555 dicis,
431 2495 510 2545 Cato.
547 2495 603 2548 Sed
614 2494 735 2547 fortasse
746 2492 852 2546 dixerit
864 2493 1013 2563 quispiam,

202 2558 254 2634 tibi
268 2568 384 2626 propter
398 2577 465 2628 opes
477 2569 505 2615 et
518 2567 614 2634 copias
625 2571 654 2618 ct
664 2564 832 2631 dignitatem
847 2568 929 2616 tuum
943 2563 1014 2615 tole·

203 2628 362 2680 tubilinrem
375 2638 547 2685 senectutem
562 2635 666 2700 videri3
686 2633 715 2685 id
736 2639 830 2685 autem
852 2649 909 2686 nou
929 2647 1014 2701 posse

201 2696 299 2762 tsiultis
311 2699 482 2771 contingere.
520 2704 621 2758 cauo.
639 2705 691 2759 Est
700 2705 774 2755 istue
785 2701 909 2771 quidem,
924 2701 1015 2765 Laeli,
