2084 3025
247 166 327 220 LIB.
346 167 384 219 ll.
422 126 505 222 (Ἡ.
522 168 549 222 4.
564 166 625 223 td.
781 171 834 228 2⁰0
898 224 901 233 .

35 269 101 327 Num
113 269 206 338 igitur,
216 277 265 322 aut
273 286 342 338 quae
351 278 502 339 tempestas
514 274 681 341 impendeat,
691 280 770 328 vates
778 292 835 329 nro

34 339 84 391 lius
95 340 234 403 conficiet,
246 357 327 409 quam
338 343 523 409 gubernator;
545 352 593 395 aut
604 344 693 395 morbi
704 352 833 398 naturam

34 410 152 472 acutius,
174 424 257 477 quarn
267 411 403 475 medicus3
426 420 475 463 aut
484 413 554 465 belii
563 413 834 466 administrationem

9 488 13 493 '
34 479 205 549 prudentius,
217 497 299 547 quam
311 481 474 547 imperator,
483 484 645 535 coniectura
654 483 835 551 assequetur!

81 546 200 602 13.-Sed
217 550 412 614 animadverti,
434 551 551 615 Quinte,
573 560 601 605 te
612 560 692 605 caute
703 561 732 605 et
746 554 781 604 ab
797 553 835 604 iis

35 619 213 681 coniecturis,
231 636 300 687 quae
311 617 446 673 haberent
457 614 544 675 artem
557 630 640 690 atque
650 623 836 689 prudentiam,

35 688 101 740 stab
112 689 148 739 iis
161 689 255 753 rebus,
274 706 345 758 quae
354 691 480 743 sensibus
491 691 552 759 [aut
562 691 703 759 artificiis]
713 693 837 759 percipu-

34 767 132 820 rentur,
147 758 289 811 abducere
300 760 511 825 divinationem
533 776 649 827 eamque
659 761 700 812 ita
711 760 836 825 definire,

34 827 240 880 Divinationeni
261 845 437 887 essenorum
457 845 552 881 reruni
572 829 789 896 praedictionem
810 836 840 881 et

35 897 272 963 praesensionem,
294 915 364 966 quse
376 907 468 951 essent
479 898 624 953 fortuitae.
660 898 784 950 Primum
794 912 840 950 eo·

34 967 91 1019 dein
101 967 267 1020 revolveris.
304 968 375 1019 Nam
386 974 415 1020 et
425 969 534 1031 medici,
552 976 580 1021 et
591 969 795 1036 gubernatoris,
811 973 840 1019 et

34 1036 210 1103 imperatoris
219 1040 381 1103 praesensio
393 1044 436 1090 est
446 1054 539 1091 reruni
549 1039 739 1090 fortuitarum.
765 1036 838 1089 Nurn

34 1106 115 1173 igitur
127 1113 178 1157 orit
190 1105 338 1177 haruspex,
361 1114 410 1160 out
426 1123 526 1175 augur,
545 1115 593 1160 aut
603 1115 682 1160 rates
694 1107 769 1175 quis,
790 1111 838 1158 aut

34 1177 172 1227 somnians
185 1177 287 1229 melius
300 1177 463 1239 coniecerit,
484 1184 559 1229 oute
575 1179 672 1229 morbo
689 1191 838 1230 evasurum

36 1248 188 1312 aegiotum,
200 1253 249 1297 aut
259 1264 274 1298 e
285 1246 410 1312 periculo
422 1262 530 1313 narrem,
543 1253 591 1298 aut
599 1263 633 1299 ex
643 1247 751 1297 insidiis
762 1261 840 1299 exer·

37 1315 130 1378 situm3
152 1331 237 1382 quam
247 1315 381 1379 medicus,
397 1330 479 1382 quarn
491 1318 675 1384 gubernator,
695 1331 777 1383 quam
788 1316 840 1365 lm·

35 1382 161 1450 perator'i
199 1382 242 1436 14.
260 1387 344 1452 Atqui
359 1401 394 1436 ne
409 1386 460 1436 illa
476 1386 588 1453 quidem
605 1386 756 1436 divinantis
778 1398 839 1436 esse

36 1453 157 1505 dicebas:
178 1452 281 1506 ventos
290 1462 340 1506 aut
354 1452 457 1507 imbres
473 1455 664 1524 impendentes
675 1453 840 1522 quibusdam

35 1524 205 1590 praesentire
219 1525 316 1594 signis.
340 1523 384 1585 'ln
400 1523 453 1593 quo
469 1532 567 1578 nostra
584 1523 720 1593 quaedam
738 1524 841 1575 Aratea

33 1594 196 1646 memoriter
205 1611 222 1645 a
231 1602 259 1647 te
270 1597 455 1663 pronuntiata
466 1603 538 1647 sunt.
562 1595 625 1647 Etsi
636 1593 705 1646 haee
715 1593 777 1659 ipsa
788 1592 843 1643 for·

33 1665 104 1715 tuita
116 1670 196 1715 sunt:
218 1664 383 1732 pierumque
399 1666 485 1728 enim,
505 1681 560 1716 non
577 1679 686 1731 sonipes
702 1662 841 1714 eveniunt.

34 1732 110 1795 Quae
121 1741 166 1785 est
176 1734 276 1801 igitur,
296 1741 345 1785 aut
355 1734 404 1786 ubi
414 1740 543 1787 versetur
557 1735 737 1788 fortuitarum
748 1745 854 1783 rerum.

34 1803 204 1868 praesensio,
225 1819 306 1871 quam
323 1804 525 1856 divinationem
540 1803 643 1857 vocas?
680 1801 840 1864 Quaeenini

35 1873 201 1937 praesentiri
218 1881 267 1925 aut
277 1880 347 1937 arte,
363 1881 411 1925 aut
421 1875 540 1935 ratione,
555 1880 603 1925 aut
613 1888 674 1935 usu,
691 1878 739 1924 aut
750 1870 842 1923 conio·

37 1947 110 1994 etura
117 1950 246 2009 possunt,
256 1960 291 1995 ea
300 1958 355 1995 non
367 1944 468 1995 divinis
478 1942 627 1996 tribuendo
636 1949 727 2010 putas,
736 1941 784 1993 ssd
796 1956 842 2008 po·

36 2008 102 2063 ritis.
125 2012 173 2063 lta
184 2013 361 2082 relinquitur,
376 2020 408 2065 ut
418 2029 453 2066 ea
463 2009 583 2067 fortuita
593 2012 714 2063 divinari
724 2012 841 2079 possint,

36 2093 100 2146 qnae
110 2082 191 2133 nulia
202 2098 252 2135 nee
264 2089 325 2135 arte
336 2099 387 2135 noc
398 2081 538 2149 sapientia
553 2082 695 2150 provideri
710 2088 841 2148 possunt:

34 2154 74 2212 ut,
89 2151 116 2201 si
127 2153 191 2218 quis
200 2152 240 2204 Μ.
251 2152 418 2205 Marcellum
433 2152 527 2215 muni,
549 2154 597 2220 qui
607 2160 651 2205 ter
662 2151 765 2206 Consul
776 2147 839 2211 fuit,

33 2217 126 2271 multis
139 2222 219 2273 annis
231 2229 295 2274 ante
310 2222 428 2292 dixisset
439 2220 588 2289 naufragio
600 2237 661 2274 esse
670 2221 841 2288 periturum3

33 2286 186 2342 divinasset
196 2292 331 2358 profecto.
360 2291 447 2345 Nulla
458 2292 531 2344 enim
543 2299 603 2344 arte
614 2290 672 2344 niia
683 2290 722 2353 id,
737 2304 789 2341 nee
797 2305 841 2341 sa·

33 2357 139 2422 pientia
152 2362 224 2413 seire
234 2361 382 2429 potuisset.
411 2362 524 2415 Talium
535 2377 603 2430 ergo
614 2376 715 2422 rerum,
731 2358 840 2426 quaein

34 2424 150 2486 fortuna
158 2432 268 2497 positae
282 2439 363 2497 sunt,
382 2433 544 2499 praesensio
555 2430 693 2483 divinatio
704 2435 755 2480 est.
791 2425 839 2475 Vl.

34 2492 72 2550 15.
91 2498 227 2553 Potestne
237 2501 325 2571 igitur
336 2517 433 2570 earum
443 2498 551 2568 rerum,
570 2516 641 2567 qnae
652 2495 724 2567 nihil
737 2492 841 2571 hubent

32 2567 162 2633 rationis,
181 2587 266 2638 quare
285 2570 399 2628 initurae
417 2574 487 2635 sint,
506 2571 566 2622 ullu
584 2584 646 2621 esse
665 2558 842 2632 praestum!

32 2635 106 2698 Quid
116 2647 163 2690 est
172 2633 244 2693 eniin
255 2641 334 2694 eliud
346 2642 420 2705 sors,
441 2639 507 2709 quid
521 2638 651 2696 fortuna,
672 2628 738 2700 quid
754 2640 843 2688 ⁰³⁸⁰&

33 2707 102 2831 (1ῦέῑῖ
104 2716 244 2835 ἔνὸιὲίιῧξ
249 2712 307 2766 nisi
312 2728 398 2781 quum
405 2711 445 2764 sie
454 2709 561 2779 aliquid
568 2704 683 2824 eecgdit,
691 2696 733 2751 sio
742 2694 844 2804 erenit,
