2084 3025
332 131 609 187 susouuurs.
824 85 875 186 15i

224 268 340 322 xri-ur
377 269 511 324 uuor.
531 229 721 328 vsrruro.

68 357 174 423 (Habita
185 369 224 407 est
235 359 357 408 oratioL.
368 360 469 409 Domit·
480 356 669 423 Ahenobarbo,
687 358 770 427 Appio
781 359 874 411 Claud.

333 426 446 476 Pulchro
455 425 530 475 Coss.
541 432 614 493 700.)

70 508 208 633 dormibo·
219 508 362 587 quiddam,
383 509 499 578 quodin
509 508 645 562 Eunucho
656 511 798 579 parasitus
813 476 874 570 sua·

126 594 163 631 nu
177 596 186 629 r
198 594 225 632 r:

130 665 182 716 Ubi
194 664 348 717 nominabit
359 662 535 728 Phaedriam,
544 671 576 715 tu
586 662 761 731 Pimphilam

130 736 276 787 Continuo.
297 734 327 786 Si
337 735 448 803 quando
459 735 510 786 illa
520 736 604 798 dicet,
617 733 781 790 Phaedriam
805 736 816 748 '

129 805 352 858 intromittamus
363 806 591 857 cimmessatum:
614 803 679 856 Palm
701 804 787 859 hilam

129 876 276 926 Cantatum
286 875 480 942 provocemus.
501 875 532 927 Si
543 875 668 926 laudabit
677 816 747 928 baec

129 943 207 996 llllus
218 945 346 1007 formam,
366 952 396 997 tu
407 943 489 996 lulius
501 953 607 997 eontra.
629 945 756 1012 Denique

129 1015 173 1064 'l'u
185 1014 234 1082 par
245 1016 311 1082 pari,
318 1014 433 1078 referto,
442 1014 515 1084 quod
527 1030 588 1066 eam
600 1013 737 1070 rru'rrdeut.

68 1100 117 1153 Sic
127 1106 192 1167 peto
200 1117 222 1152 a
231 1103 320 1163 uobis,
330 1100 446 1168 iudices,
452 1107 491 1164 ut,
504 1102 633 1170 quoniam
645 1102 755 1168 quidam
768 1106 876 1159 nobiles
943 1131 946 1138 Δ

68 1169 196 1222 homines
209 1178 239 1223 et
253 1171 288 1222 de
300 1185 344 1223 me
355 1172 461 1238 oprim'e
475 1172 570 1223 meriti
588 1172 672 1222 nimis
682 1179 777 1225 aurant
788 1176 876 1227 inimi·

68 1256 130 1292 eum
145 1255 243 1303 meum,
254 1256 352 1307 meque
363 1242 544 1308 inspectante,
562 1256 645 1307 saepe
657 1257 718 1292 eum
730 1244 757 1294 irr
770 1243 875 1297 Senatu

68 1309 155 1361 modo
171 1326 267 1362 severe
284 1310 434 1373 seducunt,
456 1312 540 1362 modo
552 1310 733 1364 familiariter
743 1321 825 1380 atque
837 1315 877 1367 bi·

67 1380 130 1432 lare
154 1381 362 1446 amplexantur,
394 1382 579 1448 quoniamque
606 1380 651 1432 illi
674 1380 775 1432 babent
796 1400 874 1436 suum

67 1449 208 1511 Publium,
228 1450 301 1501 (letis
312 1449 443 1518 mihiipsi
454 1451 541 1502 alium
552 1449 690 1511 Publium,
711 1451 738 1501 iu
750 1467 803 1520 quo
814 1469 876 1523 pos.

67 1521 121 1572 sim
134 1535 229 1571 eurum
241 1523 347 1572 animos
358 1522 538 1573 mediocriter
548 1520 704 1583 lacessitus,
725 1522 826 1576 leuiter·
835 1541 876 1578 re·

66 1604 202 1658 pungere.
238 1591 328 1658 (cic.
347 1592 380 1641 ad
391 1594 451 1641 Diu.
463 1593 480 1640 l.
492 1592 512 1640 l.
525 1610 565 1657 ep.
577 1610 600 1660 9.
611 1592 635 1655 p
647 1591 683 1654 b.)

137 1727 230 1785 ,xlx
266 1727 348 1797 uuo
368 1726 408 1779 u.
427 1726 613 1779 summio
634 1724 804 1781 susurro.

247 1813 335 1877 (Cum
345 1816 530 1882 supplementis
542 1812 584 1865 ed.
596 1811 693 1874 Beier.)

111 1917 165 1968 ns
183 1896 500 1970 ulc‘oasrrous
517 1914 587 1968 irs
608 1915 831 1972 uscoruus.

118 2004 192 2053 Hanc
213 2020 316 2070 quoque
344 2001 485 2051 orationem
506 2002 604 2051 eisdem
625 1998 781 2053 Consulibus
804 2006 875 2071 dixu,

62 2072 162 2138 quibus
181 2089 228 2139 pro
239 2071 356 2130 Vatinio,
376 2070 407 2119 L.
416 2068 535 2119 'Domitio
553 2069 728 2119 Ahenobarbo
748 2084 772 2121 et
789 2073 875 2141 Appio

61 2139 179 2188 Claudio
190 2137 301 2187 Pulchro
313 2137 387 2186 Coss.
423 2136 548 2186 Summus
571 2137 657 2186 iudicii
673 2136 727 2188 dies
743 2141 791 2191 suit
809 2160 832 2191 a.
850 2142 876 2191 d.

59 2225 110 2257 xv.
123 2209 212 2266 Nonas
223 2205 391 2271 Septembris.
411 2205 446 2265 (a.
457 2221 516 2272 7⁰⁰·
529 2223 556 2271 p.
567 2205 601 2252 ΙΙ.
614 2206 647 2265 e.)

254 2337 500 2374 ARGUMENTUM
521 2336 692 2374 EIUSDEM·

109 2409 151 2460 M.
163 2409 286 2470 Scaurus,
307 2409 344 2460 M.
362 2408 451 2457 Scauri
466 2410 548 2470 lilius,
569 2410 613 2474 qui
630 2409 749 2474 princeps
766 2408 874 2460 Senatus

56 2481 120 2538 fuit,
139 2479 260 2527 vitricum
270 2478 360 2526 habuit
371 2476 486 2526 Sullam:
508 2495 560 2542 quo
573 2478 668 2526 vietor-e
680 2488 704 2523 et
715 2479 836 2526 munifico
849 2481 875 2528 in

56 2547 149 2596 socios
159 2547 288 2606 victoriae,
306 2547 341 2593 ils
353 2545 482 2599 abstinens
493 2546 556 2606 luit,
577 2555 608 2593 ut
617 2543 681 2591 nibil
691 2561 774 2608 neque
785 2545 875 2596 donari

55 2615 112 2664 sibi
124 2615 237 2663 voluerit
247 2631 329 2679 neque
341 2614 373 2661 ab
384 2613 455 2661 basis
465 2615 565 2661 emerit.
796 2634 803 2661 r

115 2679 287 2733 Aedilitarem
304 2697 406 2731 summa
421 2681 609 2746 magnificentia
623 2683 713 2745 gessit,
735 2680 799 2732 adeo
810 2682 875 2732 utin
972 2712 975 2715 -
