2084 3025
171 67 207 124 66
323 74 326 78 ’
476 59 663 116 LAELlUS

172 185 234 223 nius
245 181 321 230 eum,
342 173 422 235 quem
434 166 585 234 aliquando
602 164 695 218 odisse
710 177 866 233 possemus.
902 161 976 225 Quin

46 254 51 261 ⁴
134 234 137 239 ’
173 240 259 293 etiam
270 239 293 288 si
304 236 394 287 minus
405 236 502 288 felices
514 236 543 286 in
555 234 700 301 deligendo
712 235 868 295 fuissemus,
889 231 977 285 feren·

174 374 334 444 gitandum,
355 376 482 441 putabat.
517 373 604 424 XVll.
627 371 661 426 61

174 307 239 360 dum
251 306 279 357 id
288 305 384 373 Scipio
392 306 584 372 potiusquam
595 305 803 355 inimic'tierum
813 308 922 369 tempus
933 317 976 352 co-

169 444 309 497 ntendum
320 336 508 507 arbitron-u),
529 458 612 509 quum
624 321 764 496 cuddae
774 457 866 503 mores
877 439 980 493 amico·

692 372 748 425 His
770 372 862 439 igiturv
876 370 979 427 finibus
1035 410 1036 419 ,

172 529 235 571 rum
247 514 312 576 sint,
328 520 387 565 turn
398 515 436 565 sit
446 515 519 566 inter
530 527 577 564 eos
590 514 712 564 omnium
721 528 828 574 rerum,
850 510 992 563 consilio»
1035 516 1036 519 ’

90 636 92 639 ,
174 599 245 645 rum,
264 583 447 646 voluntatum,
466 582 527 633 sine
537 582 597 632 ulla
607 583 770 649 exceptione
782 581 980 647 communitas:
1035 644 1036 647 Ἴ

115 664 128 674 “
174 646 220 716 ut,
241 653 360 704 etiamsi
375 668 429 720 qua
444 651 558 705 fertum
569 651 718 713 acciderit,
738 656 771 701 ut
786 650 876 702 minus
891 650 981 701 iustae
1035 668 1036 675 ¹

116 774 121 783 ,
176 723 330 776 amicorum
342 723 501 774 voluntates
511 721 683 773 adiuvandae
695 722 766 782 sint,
784 721 814 770 in
825 720 925 787 quibus
936 733 980 770 eo·
1035 752 1036 763 η

175 807 236 847 rum
248 798 297 844 aut
308 786 390 860 eaput
406 798 506 860 agetur
517 798 565 843 aut
581 790 672 854 fama,
692 788 887 842 declinandum
897 789 937 839 sit
947 787 997 855 dc,

175 863 230 927 sia,
243 862 326 914 modo
337 877 371 913 ne
382 876 491 913 summa
501 861 646 928 turpitudo
657 866 798 927 sequatur.
835 858 888 909 Est
897 857 980 918 enim,
1035 856 1036 927 ,

176 937 313 1001 quatenus
326 932 465 982 amicitiae
481 931 544 982 dari
557 931 640 982 venia
653 931 752 996 possit.
789 927 847 980 Nec
857 942 925 995 vero
937 942 982 978 nc·
1035 936 1036 991 j

176 1000 309 1069 gligenda
321 1007 362 1051 est
371 1001 459 1052 fama:
471 1016 522 1051 nee
533 999 673 1051 mediocre
685 1000 773 1051 telum
784 997 818 1048 ad
829 997 877 1047 res
885 1011 982 1064 geren·

175 1073 226 1124 dus
236 1071 398 1121 existimare
412 1075 523 1137 oportet
532 1069 754 1123 benevolentiam
766 1064 882 1119 civium:
899 1079 981 1131 quam

174 1139 321 1192 blanditiis
333 1145 361 1190 et
378 1136 545 1191 assentando
562 1139 695 1205 colligere
709 1134 790 1204 turpe
805 1142 863 1188 est:
874 1135 982 1198 rinus,

175 1224 258 1278 quam
269 1209 395 1276 sequitur
405 1209 517 1270 caritas,
531 1209 645 1260 minime
655 1206 831 1275 repudianda
840 1210 892 1279 est.

227 1279 270 1330 62.
288 1277 344 1330 Sed
355 1293 437 1345 saepe
448 1278 562 1341 (etenim
573 1273 658 1328 redeo
669 1278 705 1328 ad
716 1276 884 1341 Scipionem,
901 1272 980 1326 cuius

176 1348 266 1400 omnis
289 1363 379 1398 sermo
397 1353 458 1399 erat
477 1347 511 1399 de
533 1345 670 1409 amicitia)
698 1346 882 1413 querebatur,
906 1341 981 1411 quod

178 1412 305 1469 omnibus
324 1416 353 1467 in
369 1418 451 1468 rebus
468 1414 594 1469 homines
611 1412 809 1482 diligentiores
820 1418 930 1476 essent3
950 1417 981 1463 ut

177 1483 276 1554 capras
290 1492 319 1537 et
336 1501 401 1537 ores
414 1491 480 1551 quot
492 1487 608 1554 quisquc
618 1484 748 1548 haberet,
769 1483 862 1535 dicere
871 1489 980 1551 posset:

1031 1218 1037 1311 l

1034 1322 1036 1409 ¹

1035 1476 1036 1560 l

103 1621 106 1628 Ι
160 1558 282 1610 'anticos
298 1562 366 1622 quot
379 1553 507 1616 haberet,
529 1571 585 1606 non
595 1561 693 1621 posset
709 1555 816 1619 dicere3
837 1559 866 1605 ct
881 1553 981 1604 inillis
1035 1563 1036 1626 l

178 1626 289 1693 quidem
303 1625 434 1693 parandis
445 1625 577 1681 adhibere
589 1640 692 1687 curam,
701 1624 731 1675 in
742 1625 840 1675 amieis
846 1623 981 1692 eligendis
1035 1643 1036 1648 ¹

107 1712 112 1720 ·
176 1695 351 1763 negligentes
365 1710 439 1759 esse,
451 1710 501 1746 nec
512 1692 614 1746 habero
627 1695 708 1760 quasi
717 1694 799 1764 signa
811 1693 947 1761 quaedam
954 1698 982 1743 et
1035 1711 1036 1724 ¹

176 1769 269 1827 notas,
280 1765 448 1832 quibuseos,
459 1764 505 1831 qui
517 1763 553 1815 ad
564 1764 716 1814 amicitiam
723 1772 816 1815 essent
826 1763 930 1824 idonei,
942 1764 983 1812 iu·
1035 1789 1036 1800 κ

178 1835 314 1885 dicarent.
351 1832 420 1885 Sunt
430 1834 519 1901 igitur
530 1833 604 1887 firmi
615 1838 644 1885 et
654 1833 770 1885 stabiles
782 1838 810 1883 et
821 1838 982 1883 constantes

178 1901 312 1970 eligendi3
323 1903 401 1954 euius
412 1904 522 1969 generis
534 1909 576 1954 est
586 1918 687 1969 magna
697 1903 826 1968 penuria:
841 1908 870 1953 et
878 1902 982 1953 iudica·

106 2029 109 2034 ,
176 1988 207 2025 rc
224 1971 337 2024 difficile
353 1977 395 2023 est
411 1987 492 2036 sane,
515 1973 571 2023 nisi
586 1978 738 2039 expertum.
774 1970 982 2037 Experiendum

178 2048 221 2093 est
233 2047 328 2092 autem
339 2042 369 2092 in
384 2043 447 2108 ipsa
462 2041 596 2093 amicitia.
632 2041 676 2092 lta
692 2039 849 2108 praecurrit
861 2041 983 2093 amicitia

177 2109 322 2173 iudicium,
338 2111 471 2179 tollitque
483 2110 645 2177 experiendi
656 2116 834 2178 potestatem.
871 2109 915 2163 63.
933 2109 984 2160 Est
1035 2147 1036 2156 ,

148 2243 150 2248 Ι
176 2182 266 2248 igitur
277 2180 432 2247 prudentis,
455 2182 603 2243 sustinere,
616 2187 649 2231 ut
659 2196 779 2241 currum,
798 2180 839 2231 sie
849 2179 983 2248 impetum
1035 2175 1036 2220 i

177 2250 404 2312 benepolentiae:
421 2266 475 2317 quo
488 2257 608 2312 utemur,
621 2251 701 2317 quasi
712 2251 790 2317 equis
802 2245 931 2311 tentetis,
944 2248 983 2299 sic
1035 2277 1036 2310 4

177 2320 324 2382 amicitiis,
347 2320 441 2386 aliqua
456 2327 538 2385 parte
553 2320 720 2387 periclitatis
736 2320 860 2370 moribus
883 2318 983 2370 amico-
1035 2331 1036 2372 1

179 2404 250 2442 rum.
275 2388 396 2453 Quidam
407 2404 491 2454 saepe
502 2391 532 2440 in
542 2404 629 2455 parva
639 2389 757 2456 pecunia
768 2390 983 2456 perspiciuntur,

181 2472 263 2523 quam
279 2459 337 2511 sint
354 2457 442 2534 leges:
466 2458 596 2525 quidam,
619 2474 688 2525 quos
703 2474 790 2525 parva
805 2471 983 2524 inoverenon

178 2527 283 2591 potuit,
300 2533 504 2593 cognoscuntur
513 2528 543 2577 in
554 2543 676 2595 magna„
702 2527 751 2579 Sin
761 2543 828 2579 reru
841 2534 922 2579 erunt
934 2524 982 2576 ali·
1035 2563 1036 2592 p

180 2594 226 2661 qui
238 2595 353 2667 reperti,
366 2596 421 2666 qui,
432 2597 578 2667 pecuniam
588 2597 730 2666 praeferre
736 2598 886 2662 amicitiae,
896 2593 981 2648 sordi⁴
