2084 3025
261 101 284 177 '¹
329 146 612 212 aaronem,
683 173 685 178 v
746 149 748 152 ’
825 145 876 199 131

60 253 168 314 -Cicero,
180 256 238 317 quia
247 271 300 303 non
310 266 411 320 poterat
420 271 513 317 negare
525 254 551 303 id
561 256 658 309 sactum
670 269 731 312 esse,
743 269 773 300 ao
785 253 876 302 coufu-
913 277 915 283 ·

66 325 112 387 git,
124 334 153 369 ut
162 320 327 381 dicereenou
339 321 405 382 ideo,
416 324 487 386 quod
497 326 577 372 lectus
589 325 621 370 sit
632 320 713 369 codex
724 339 738 368 a
748 321 876 376 Tribuno‚

66 389 234 441 imminutam
244 407 298 438 esse
309 388 486 440 Tribuniciam
497 402 661 456 potestatem.
685 389 744 451 Qua
753 406 813 436 vero
824 401 877 438 arte

67 459 207 507 etseientia
219 456 360 508 orationis?
380 459 417 506 Ita
428 471 456 508 ut
473 463 497 507 et
512 459 664 521 dignitatem
675 457 877 505 clarissimorum

49 569 51 574 ,
69 526 174 582 civium,
195 538 281 575 contra
292 544 356 590 quos
368 526 475 586 dicebat,
494 544 547 575 non
558 527 676 584 violaret,
698 535 820 574 ettamen
830 543 877 573 au·

70 594 187 642 ctoritate
204 609 295 644 esrum
311 594 378 642 laedi
396 611 470 643 reum
486 612 539 642 non
550 604 687 659 pateretur.
723 592 877 656 Quantaque

68 660 247 710 moderatione
267 673 324 709 rem
344 675 396 711 tam
413 660 544 712 difficilem
562 665 617 710 aliis
631 661 780 717 tractaverit,
799 663 877 710 lectio

66 729 123 796 ipsa
135 730 282 778 declarabit.
309 728 498 780 Adiuurenturn
509 744 595 779 autem
606 730 702 789 habuit,
718 729 796 792 quod,
812 731 878 779 sicut

68 800 189 856 diximus,
200 796 343 856 Cornelius,
353 810 453 864 praeter
465 800 608 847 districtum
620 797 782 863 propositum
788 798 877 847 adver·

20 910 23 914 ,
67 885 111 915 sus
122 866 271 931 principum
280 866 444 927 voluntatem,
455 880 553 916 caetera
563 868 613 914 vita
623 868 688 914 nihil
696 866 795 922 lecerat,
806 865 878 930 quod

66 951 226 999 magnopere
237 936 439 1000 improbaretur:
454 948 584 1002 praeterea
595 934 665 998 quod
676 936 730 998 ipse
742 934 877 994 Globulus,
902 939 908 952 ²

68 1006 114 1069 qui
126 1004 306 1060 intercesserat,
318 1002 406 1052 aderat
415 1002 546 1061 Cornelio,
564 1014 590 1050 et
600 1001 669 1066 quod
680 1001 766 1068 ipsum
777 1020 878 1067 qrroqus

67 1071 195 1133 diximus,
206 1072 277 1136 quod
284 1071 420 1121 Cornelius
430 1073 550 1137 Pompeii
558 1070 646 1134 Magni
656 1070 785 1133 Quaestor
795 1071 878 1120 suerat
931 1093 935 1100 <

47 1169 49 1174 ·
67 1139 142 1207 apud
149 1139 210 1187 duas
218 1139 386 1204 praefecturas
397 1144 513 1205 equitum
521 1141 597 1188 Rom.
609 1149 634 1186 et
645 1138 789 1196 Tribunos,
812 1150 837 1187 et
846 1155 878 1187 ex

66 1211 143 1261 tertia
153 1224 254 1272 quoque
265 1207 416 1275 parte'apud
425 1212 568 1273 plerosque,
584 1208 695 1270 exceptis
704 1209 734 1256 iis
744 1207 878 1256 sarniliaris
951 1221 954 1232 ¹

47 1285 51 1294 ‘
66 1278 222 1347 principum·
234 1278 350 1327 civitatis.
384 1279 432 1326 Res
449 1290 503 1326 acta
520 1288 558 1325 est
571 1293 668 1339 magno
682 1289 808 1325 conventu
818 1293 878 1324 ma-

67 1361 169 1411 gnaque
180 1347 385 1411 exspectatione,
404 1348 461 1410 quis
472 1357 577 1394 eventus
593 1343 682 1392 indicii
692 1344 791 1394 futurus
804 1354 877 1392 esset.

65 1415 92 1465 A
104 1418 213 1462 summis
222 1412 341 1464 virisdiei
350 1416 539 1471 testimonium,
557 1425 582 1460 et
592 1411 627 1468 id,
646 1412 715 1475 qttod
726 1415 743 1461 ii
755 1413 877 1468 dicerent,

66 1482 185 1533 confiteri
199 1499 274 1532 rcum
290 1483 534 1533 animadvertebant.
567 1481 658 1530 Exstat
671 1483 752 1530 oratio
764 1482 878 1530 bominis

67 1553 239 1601 accusatoris:
260 1569 338 1615 qnam
348 1571 450 1604 sumere
460 1555 603 1609 inmanus,
622 1563 660 1598 est
669 1552 775 1614 aliquod
784 1566 877 1616 operas

66 1621 192 1688 pretium,
201 1638 254 1668 non
264 1624 350 1670 solum
359 1633 464 1687 propter
470 1620 602 1669 Ciceronis
612 1620 747 1677 orationes,
758 1636 820 1683 quas
830 1636 877 1684 pro

68 1688 195 1738 Cornelio
205 1690 337 1748 habemus,
347 1690 477 1741 sedetiam
486 1698 594 1755 propter
603 1689 788 1751 semetipsam:
802 1687 879 1736 Cice-

68 1775 100 1808 ro
109 1757 164 1821 ip‘se
174 1757 311 1820 signifieat,
329 1757 465 1822 quatriduo
476 1756 629 1805 Cornelium
639 1755 795 1817 defendisse,
816 1773 877 1818 quas

68 1828 183 1873 actiones
194 1828 330 1874 contulisse
341 1843 400 1874 eum
411 1828 437 1874 in
449 1826 510 1875 duas
521 1825 648 1874 orationes
658 1838 770 1890 apparet.
803 1823 878 1874 ludt-

69 1896 144 1947 etum
151 1894 179 1943 id
189 1896 301 1945 exercuit
309 1893 342 1958 Q
354 1894 454 1945 Gallius
464 1894 583 1943 Praetor,

404 2007 538 2019 ...ι-η...

192 2100 337 2169 tarsus·
357 2107 649 2195 rutuopmcman
667 2108 762 2194 espec

237 2171 251 2197 >t
353 2171 366 2197 ’l
584 2173 598 2196 Ι

295 2207 308 2232 a:
409 2208 422 2233 a
525 2206 538 2232 s
643 2201 657 2227 ὑ

71 2270 97 2326 1.
111 2234 297 2323 postulatur·
314 2270 388 2339 apud
409 2287 453 2322 rue
467 2270 629 2321 Praetorem
648 2271 765 2335 primunr
783 2267 817 2320 de
831 2283 877 2333 pe·

72 2342 165 2394 cuniis
186 2342 356 2408 repetundis.
392 2339 557 2406 Prospectat
577 2339 710 2390 videlieet
726 2338 877 2398 Cominius,

72 2411 142 2480 quid
154 2418 266 2478 agetur·
299 2410 439 2464 Videlicet
449 2408 574 2479 homines
589 2408 703 2459 sceneos
714 2408 744 2458 in
754 2405 877 2457 medium

72 2483 110 2534 ad
121 2481 284 2531 tentandum
297 2481 447 2546 perieulum
458 2480 609 2545 proiectos.

127 2551 156 2602 2,
173 2547 265 2611 Quidl
286 2549 418 2601 Metellus
433 2564 541 2617 summa
555 2547 704 2596 nobilitate
720 2561 753 2596 ac
763 2545 877 2604 virtute,

75 2634 161 2687 quum
176 2620 220 2671 bis
239 2617 372 2670 iurasset:
393 2618 478 2670 semel
496 2617 625 2682 privatim
639 2621 757 2680 apatre3
777 2614 877 2663 iterum

73 2690 200 2756 publice:
214 2689 303 2756 alege
313 2694 429 2740 coactus·
438 2685 547 2738 destitit
559 2685 745 2736 accusatione.
782 2685 821 2733 dn
834 2683 877 2729 vit

624 2754 632 2792 Ῐ
654 2757 670 2779 tt
