2084 3025
202 120 239 178 so
384 73 852 181 nnnsrnnsnnonuu

201 237 256 290 qne
274 220 381 284 videor,
400 223 527 290 inquam,
547 223 669 287 venisse,
688 229 721 274 nt
742 222 824 284 dieis,
842 221 1009 288 opportune.

135 329 137 332 -
201 294 273 345 Tres
283 292 354 343 enim
364 293 448 343 trium
458 293 667 360 disciplinarum
677 294 819 360 principes
831 289 1011 342 convenistis.

202 360 245 414 Μ.
256 360 357 411 Pisoni
370 362 489 424 adesset,
508 363 613 412 nuliius
624 360 825 429 philosophiae,
843 374 937 412 earum
950 358 1012 424 qui·

204 430 275 493 deni,
288 444 357 496 quae
367 430 397 481 in
407 429 512 483 honore
525 437 597 493 sunt,
608 437 723 484 vacaret
732 433 819 482 iocus.
830 431 904 481 Tum
914 429 1011 488 Cotta,

203 497 362 565 Si,inquit,
380 499 452 552 iiber
461 500 591 552 Antiochi
605 502 707 566 nostri,
727 501 776 568 qui
785 500 820 550 ah
830 515 863 552 eo
874 511 963 563 nuper
974 496 1014 549 nd

203 566 276 621 hunc
289 568 407 622 Balbum
430 570 532 622 missus
547 577 603 633 est,
624 587 692 624 nera
711 571 849 638 loquitur3
871 565 942 617 nihil
955 572 1010 629 est,

203 636 278 706 quod
288 635 430 700 Pisonem,
445 637 613 691 familiarem
628 647 715 704 tuum,
731 639 880 691 desideres.
914 636 1014 688 Antio·

204 707 257 761 cho
274 707 347 758 enim
359 706 447 759 Stoici
467 724 529 760 eum
547 709 743 777 Peripateticis
763 725 793 760 re
810 707 955 760 concinere
970 704 1015 756 vi·

204 776 318 838 dentur,
337 777 431 829 verbis
442 777 615 845 discrepare:
636 779 736 847 quode
751 778 825 829 libro
833 772 917 829 veliin
927 774 1013 837 scire,

203 844 301 908 Balbe,
312 847 378 913 quid
390 848 502 900 sentias.
531 849 647 917 Egone?
664 849 754 915 inquit
764 848 822 898 iile.
850 846 948 905 Miror,
958 844 1014 894 iin-

203 914 336 978 tiochum,
347 914 484 970 hominem
495 917 525 968 in
535 919 634 983 primis
645 924 765 977 neutum,
780 931 836 965 non
845 914 956 976 uidisse,
970 912 1015 963 in-

203 990 309 1037 teresse
325 985 474 1051 plurimum
482 988 562 1037 ”mter
577 985 699 1046 Stoicos,
720 984 767 1049 qui
782 980 926 1033 honestae
936 995 1013 1034 com·

203 1054 295 1107 nodis
306 1069 361 1106 non
371 1057 495 1117 nornine,
516 1053 564 1105 sed
575 1067 677 1121 genere
687 1058 750 1103 toto
762 1051 963 1118 disiungerent,
980 1055 1014 1102 et

205 1123 420 1190 Peripateticos,
440 1125 488 1190 qui
501 1121 618 1175 honesta
634 1122 845 1173 commiscerent
860 1135 921 1172 eum
937 1134 1012 1170 com·

204 1193 310 1260 modis,
327 1199 359 1244 ut
370 1210 404 1245 ea
414 1193 488 1244 inter
498 1208 529 1244 se
539 1192 728 1259 magnitudine
739 1197 769 1243 et
778 1190 858 1258 quasi
867 1188 1011 1258 gradihus,

204 1279 263 1318 ison
273 1278 375 1331 genere
386 1262 539 1314 differrent.
568 1262 649 1313 Haec
659 1262 733 1313 enim
744 1267 854 1314 estnon
863 1259 1013 1311 vei-horum

227 1348 306 1393 arra,
328 1331 380 1382 sed
391 1347 484 1383 rerum
498 1347 651 1399 permagna
662 1331 809 1384 dissensio.
846 1326 888 1381 17.
906 1326 1014 1379 Verum
1034 1370 1035 1373 ,

205 1347 277 1455 Eece
293 1400 375 1451 alins:
394 1416 465 1451 nunc
481 1401 555 1467 quod
571 1401 725 1468 coepimus,
743 1403 773 1452 'si
785 1399 906 1452 videtur.
940 1395 1016 1447 Mihi

206 1483 283 1532 tero,
294 1468 384 1537 inquit
393 1471 486 1533 cotto,
497 1470 617 1529 videtur.
653 1469 718 1535 Sed,
728 1477 760 1524 ut
769 1470 823 1534 hic,
835 1468 882 1536 qui
893 1466 1016 1519 interre-

207 1541 259 1602 uit,
270 1554 320 1591 «me
330 1540 448 1602 intuens,
462 1557 497 1593 ns
506 1542 629 1608 ignoret,
652 1550 723 1610 quoe
733 1557 779 1594 res
790 1546 902 1607 agatur:
922 1536 956 1587 de
967 1550 1019 1586 na-

207 1616 274 1662 tura
285 1608 435 1677 agebamus
444 1609 579 1663 Deorum.
608 1610 686 1672 Quae
696 1626 783 1678 quum
793 1606 860 1661 mihi
871 1606 1016 1659 rideretur

229 1680 390 1741 erobscura,
408 1685 442 1730 ut
450 1695 562 1747 semper
570 1681 662 1733 videri
671 1682 760 1741 solet,
779 1677 895 1745 Epicuri
902 1690 940 1728 er
948 1673 1016 1726 Vel·

238 1749 266 1799 io
284 1749 450 1800 sciscitabar
469 1751 645 1802 sententiam.
690 1748 892 1809 Quamobrem,
912 1744 1016 1810 inquit,

209 1817 313 1879 Vellei,
323 1818 379 1869 nisi
388 1818 538 1871 molestum
550 1827 601 1882 est,
611 1823 716 1886 repete,
727 1830 798 1881 quae
809 1826 953 1876 coeperas.
964 1813 1018 1864 Re·

209 1893 306 1955 petam
316 1902 397 1938 vero:
419 1903 585 1956 quemquam
595 1902 651 1937 non
662 1883 743 1944 mihi,
759 1881 807 1934 sed
816 1880 870 1932 tibi
885 1878 931 1931 hic
940 1882 1019 1934 venit

118 1969 124 1974 ·
211 1956 332 2008 adiutor.
344 1984 345 1987 ¹
360 1956 448 2010 Ambo
460 1960 542 2018 enim,
553 1956 643 2022 inquit
653 1951 786 2012 arridens,
800 1949 944 2003 abeodem
956 1949 1018 2002 Phi·

210 2025 275 2083 lone
286 2023 356 2077 nihii
368 2027 439 2079 scire
451 2025 600 2078 didicistis.
636 2024 707 2072 Tum
718 2034 784 2087 ego,
803 2019 878 2082 Quid
890 2019 1018 2073 didiceri-

148 2105 152 2111 '
210 2110 281 2156 mus,
293 2096 376 2147 Cotta
385 2096 502 2147 nterii:
520 2100 552 2144 tu
562 2098 654 2142 autem
666 2089 732 2139 noio
743 2089 898 2151 existimes,
915 2106 960 2142 me
971 2089 1019 2141 ad-

191 2228 197 2234 *
210 2165 331 2217 intorem
341 2163 534 2223 huicrenisse,
552 2159 603 2211 sed
615 2158 786 2220 auditorem,
807 2164 836 2210 et
849 2160 963 2226 quidem
973 2174 1018 2212 ae·

211 2248 305 2302 quum,
326 2234 416 2286 libero
425 2230 540 2292 iudicio,
553 2228 641 2279 nulla
651 2228 786 2280 eiusmodi
797 2227 963 2282 adstrictum
972 2244 1019 2280 ne·

212 2303 355 2364 cessitate,
374 2307 407 2351 nt
420 2297 496 2361 mihi,
514 2297 610 2361 velim,
630 2297 727 2362 nolim,
747 2298 784 2350 sit
794 2303 872 2351 certa
881 2299 1019 2367 quaedem

210 2371 316 2427 tuenda
326 2369 470 2421 sententia.

263 2438 341 2509 vlit,
356 2435 398 2489 1s.
416 2438 489 2488 Tum
500 2437 639 2501 Velleius,
659 2439 779 2493 tidenter
787 2455 870 2501 sane,
884 2444 917 2491 ut
925 2439 1031 2491 soient

212 2508 269 2569 isti,
284 2506 355 2558 nihii
365 2512 542 2569 tamverens,
556 2524 639 2576 quam
651 2526 686 2563 ne
696 2510 824 2569 dubitare
836 2510 931 2576 aliquo
942 2509 978 2561 de
989 2523 1019 2559 rc

137 2620 142 2627 .
212 2579 366 2641 rideretur3
383 2581 525 2643 ,temquam
537 2579 621 2631 modo
630 2594 666 2631 ex
676 2579 801 2632 Deorum
813 2578 933 2633 coneilio
943 2583 973 2628 et
984 2591 1029 2629 ex¹

213 2647 327 2715 Epicuri
346 2646 542 2701 intermundiis
561 2649 762 2713 descendisset:
783 2649 898 2712 hodite,
918 2647 1010 2715 inquit
