2084 3025
199 127 203 132 ·
232 129 236 134 ·
263 103 344 159 LIB.
362 104 384 158 1.
421 101 505 159 GAP.
524 101 637 159 Mi.
836 103 855 159 7

44 209 141 261 simus.
174 204 249 259 Nam
260 223 344 275 quum
356 207 415 260 otio
426 207 631 275 langueremus,
643 207 705 262 etis
716 211 790 260 esset
798 205 854 262 rei·

13 279 16 286 '
43 277 175 344 publicae
186 281 286 339 status,
300 284 332 327 ut
342 292 403 329 eam
412 278 495 329 unius
506 278 625 331 consilio
635 286 719 345 atque
729 291 797 330 eura
806 291 855 345 gu·

43 346 157 399 berneri
179 362 294 397 neeesse
317 354 404 399 esset:
432 347 553 413 primum
575 347 661 414 ipsius
682 347 855 416 reipublicae

43 424 147 467 enussa
158 413 366 483 philosophiam
375 417 480 467 nostris
494 414 651 468 hominibus
661 415 854 484 explicandam

45 486 158 554 putavi,
178 486 273 552 magni
287 485 451 536 existimans
464 485 601 540 interesse
619 487 655 539 ad
670 486 753 538 decus
769 492 797 537 et
818 484 854 537 ad

45 555 160 607 laudern
171 554 305 617 civitatis,
322 570 368 606 res
378 562 436 606 tam
448 571 557 637 graves,
573 563 685 623 tamque
694 556 855 625 praeclaras

46 623 159 676 latinis
171 624 259 675 etiam
270 624 374 676 litteris
384 625 532 677 contineri.
568 626 593 678 ⁸.
604 625 699 694 quue
711 626 855 677 meminus

49 694 175 744 instituti
186 694 243 745 mei
253 695 389 759 poenitet,
401 694 475 761 quod
487 695 572 746 facile
582 696 682 756 sentio,
692 709 773 762 quam
786 692 855 746 mui-

48 767 140 813 torum
151 778 208 813 non
219 763 305 813 modo
319 763 451 825 discendi,
459 765 509 815 sed
519 764 605 816 etiam
613 764 754 816 scribendi
760 763 857 814 studia

51 833 258 884 commoverim.
292 831 455 899 Complures
465 834 538 885 enirn
549 833 664 885 Graecis
674 832 856 886 institutioni·

51 898 101 950 bus
112 901 230 963 eruditi,
251 915 299 963 ea,
320 917 390 968 quae
406 901 575 960 didicerant,
596 917 658 952 cum
674 899 781 954 ciuibus
797 902 856 953 suis

49 972 255 1024 communicare
266 985 320 1020 non
330 976 470 1036 poterant,
480 970 554 1038 quod
563 970 623 1033 illa,
633 985 704 1037 quae
716 969 859 1023 eGrseeis

49 1039 235 1105 accepissent,
255 1039 359 1092 Latine
374 1039 432 1090 diei
446 1053 528 1106 posse
549 1038 713 1093 diffiderent.
750 1040 812 1104 Quo
827 1040 857 1093 in

48 1123 150 1179 genere
166 1114 274 1160 tantum
288 1109 440 1174 profecisse
455 1109 593 1173 ridemur,
613 1114 645 1162 ut
663 1110 807 1163 aGreecis
822 1124 857 1163 ne

48 1179 198 1229 uerborum
225 1177 337 1244 quidem
359 1180 439 1245 eopia
463 1178 644 1232 vinceremur.
684 1179 710 1233 9.
732 1181 859 1233 Hortata

50 1248 135 1299 etiam
147 1252 199 1309 est,
210 1254 242 1297 ut
252 1247 341 1299 mend
352 1246 421 1299 haee
431 1247 596 1313 conferrem,
608 1250 857 1318 animiaegritudo,

49 1316 181 1369 fortunae
191 1331 295 1383 magna
306 1322 335 1369 et
347 1318 427 1385 gravi
440 1320 699 1372 commota‘iniuria.
736 1321 821 1371 Cuius
831 1319 858 1372 si

49 1388 185 1445 maiorem
208 1386 332 1454 aliquam
355 1388 525 1441 levationem
550 1391 674 1457 reperire
692 1390 856 1456 potuissem,

49 1472 106 1507 non
117 1456 154 1506 ad
165 1455 236 1507 hene
246 1457 425 1523 potissimum
434 1455 630 1527 confugissern.
666 1460 709 1511 Ea
717 1473 784 1510 vero
796 1458 858 1527 ipss

49 1527 127 1579 nulla
136 1527 248 1579 ratione
258 1527 358 1578 melius
368 1526 425 1578 frui
435 1528 528 1593 potul,
550 1543 633 1596 quarn
643 1531 721 1582 sime
732 1544 787 1580 non
799 1543 856 1581 ruo·

51 1595 86 1646 do
101 1595 139 1645 asi
152 1596 289 1663 legendos
304 1595 404 1657 libros,
422 1596 472 1647 sed
488 1597 574 1647 etiam
589 1597 625 1648 ad
635 1604 724 1649 totam
734 1597 857 1665 philoso-

11 1686 12 1693 ¹
51 1664 146 1732 phiam
157 1663 381 1730 pertractandam
393 1664 543 1717 dedissem.
577 1665 856 1718 omnesautemeius

11 1778 12 1785 ,
50 1740 146 1801 partes
156 1739 240 1800 atque
250 1734 343 1784 omnia
353 1734 478 1786 membra
488 1734 865 1797 tumfacillimenoseuntur,'

52 1817 133 1870 quum
149 1810 228 1854 totae
238 1802 416 1870 quaestiones
427 1803 576 1857 scribendo
586 1804 768 1872 explicentur.
805 1805 857 1858 Est

53 1874 125 1924 enim
135 1873 310 1924 admirabilis
321 1871 456 1939 quaedem
475 1873 649 1926 continuatio
663 1876 803 1942 seriesque
813 1889 856 1928 re·

52 1946 125 2003 rum3
136 1949 176 1994 ‘ut
187 1942 245 1993 elia
260 1957 294 1994 ex
310 1942 369 1992 elia
382 1957 468 2005 nexo,
490 1948 518 1994 et
534 1958 629 1995 omnes
643 1943 719 1995 inter
732 1951 856 2011 sosptem

54 2012 258 2080 colligateeque
278 2011 434 2064 uideantur.
470 2010 505 2063 V.
525 2008 568 2063 1o.
584 2012 640 2073 Qui
655 2020 747 2065 autern
766 2015 857 2082 requi·

53 2088 124 2143 runt,
146 2081 214 2147 quid
226 2095 334 2148 quaque
345 2079 380 2131 de
389 2096 420 2132 re
430 2080 486 2147 ipsi
495 2081 661 2144 sentiamus,
681 2083 815 2134 curiosius
826 2082 857 2136 id

55 2148 170 2213 faciunt,
191 2165 273 2218 quam
283 2165 397 2202 neeesse
411 2156 462 2202 est.
499 2149 562 2202 Non
573 2150 646 2202 enirn
656 2157 714 2203 tam
724 2151 857 2220 auetor[i·

54 2219 139 2286 tet]es
151 2221 181 2271 in
192 2219 376 2285 disputando,
396 2233 477 2286 quam
488 2220 610 2285 *rationis
625 2228 766 2275 momente
776 2236 858 2291 quoe·

53 2289 140 2340 reoda
159 2296 232 2341 sunt.
268 2289 344 2350 Quin
360 2289 445 2339 etiam
465 2289 546 2340 obest
561 2289 722 2359 plerumque
737 2292 788 2355 iis,
811 2290 859 2360 qui

53 2356 159 2411 miseere
169 2359 276 2418 volunt,
292 2358 446 2410 auotoritas
458 2365 570 2421 eorum,
587 2359 634 2425 qui
644 2374 674 2411 se
685 2359 784 2413 dooere
795 2373 858 2426 pro·

52 2427 175 2479 fitentur.
211 2426 352 2479 Desinunt
371 2427 444 2479 enim
466 2442 546 2478 suum
562 2428 696 2479 iudicium
713 2428 858 2480 adhiberet

51 2496 80 2548 id
91 2495 307 2556 remeantum,
328 2495 402 2563 quod
413 2498 448 2548 ab
459 2511 503 2558 eo,
518 2511 600 2563 quem
612 2498 741 2563 probant,
757 2494 860 2545 iudice·

51 2571 110 2619 tum
119 2564 226 2618 rident.
260 2565 320 2618 Nee
328 2580 396 2617 vero
406 2566 527 2632 probare
536 2566 615 2615 soteo
627 2565 666 2626 id,
677 2563 751 2631 quod
762 2562 796 2612 de
807 2559 861 2627 Py·

54 2632 200 2704 thagoreis
212 2636 384 2702 accepimus:
396 2648 466 2703 quos
473 2633 577 2694 ferunt,
588 2632 687 2700 siquid
693 2631 862 2682 affirmarent
