2084 3025
202 118 272 197 m
470 100 729 196 annuamus

202 246 282 299 nulla
293 259 362 314 gens
377 251 421 297 ost
434 262 522 314 neque
540 253 597 299 tam
608 230 828 314 [intimansuotm
848 256 938 313 nsque
949 260 1009 297 tam

202 317 271 378 fera,
281 330 352 383 quae
363 331 425 378 non,
432 317 517 367 etiam
528 317 552 366 si
561 318 680 384 ignoret,
687 317 795 383 qualem
807 314 1009 375 haboroDoum

203 386 309 448 deceat,
320 391 412 437 tamen
424 384 578 437 habendum
590 387 668 438 sciat.
704 386 748 439 25.
767 387 810 438 lix
821 401 877 453 quo
890 385 1010 437 officitur

201 453 281 516 illud,
293 461 324 505 dt
336 455 360 505 is
373 462 506 523 agnoscat
518 455 617 518 Deum,
628 456 684 524 qui,
694 455 767 507 undo
779 462 857 507 ortus
867 456 915 518 sit,
928 454 1010 522 quasi

200 523 363 578 recordetur
373 541 404 579 ar
416 529 522 578 noscat.
559 526 617 577 lam
632 541 698 578 voro
710 526 798 577 virtus
809 524 908 576 uadem
918 526 949 575 in
960 524 1011 575 lio·

201 595 284 656 mine,
306 610 339 646 ac
349 594 410 647 Deo
422 602 473 658 est,
492 611 580 662 neque
590 596 648 647 ullo
661 596 718 648 alio
727 597 841 664 ingenio
851 602 1010 662 praeterea.

202 663 253 715 Est
264 670 357 716 autem
371 665 460 717 virtus
476 664 546 717 nihil
557 665 647 729 aliud,
667 680 748 733 quam
762 667 791 716 in
801 681 831 717 so
843 664 970 731 perfecta
980 668 1011 717 et

134 776 136 781 .
201 733 239 786 ad
250 750 387 786 summum
398 735 534 802 perducta
545 741 653 787 natura.
669 736 721 787 Est
731 735 818 802 igitur
827 733 935 786 homiui
946 749 1009 784 curu

201 802 263 856 Doo
279 804 443 855 similitudo.
478 804 563 868 Quod
583 820 666 872 quum
681 805 723 857 ita
737 806 788 867 sit,
808 820 881 872 quau
895 803 1009 855 tandem

201 879 297 942 potest
317 890 378 927 osso
398 875 514 941 propior
535 875 673 927 certiorne
691 874 839 944 cognatio?
857 875 957 942 ltaque
972 869 1008 923 ad

202 943 345 996 hominum
361 945 575 996 commoditates
590 951 619 997 et
629 961 697 996 usus
707 950 815 996 tantam
824 959 917 996 rerum
927 944 1009 994 uber·

202 1020 289 1066 tatem
300 1019 400 1065 natura
411 1013 516 1084 largita
526 1021 577 1077 ost,
597 1021 628 1066 ut
637 1030 679 1077 os,
699 1030 769 1082 quae
780 1014 941 1083 gignuntur,
961 1012 1009 1063 do·

202 1091 270 1135 nata
288 1083 417 1136 consulto
439 1085 532 1145 nobis,
553 1099 608 1136 non
627 1082 747 1137 fortuitu
764 1093 831 1137 nata
844 1084 1008 1135 rideantur:

202 1169 253 1204 noo
263 1152 353 1202 solum
363 1168 404 1215 oa,
411 1167 481 1219 quae
492 1154 622 1222 frugibus
629 1161 711 1221 atque
721 1155 814 1207 baccis
825 1163 918 1205 terras
929 1151 1010 1204 foetu

202 1220 419 1293 prolrmduntur,'
435 1223 582 1276 sedetiam
593 1224 726 1290 pecudes:
747 1224 821 1291 quod
831 1224 1008 1290 perspicuum

201 1292 254 1353 sit,
274 1291 374 1359 partim
390 1308 451 1344 esso
465 1293 502 1344 ad
517 1309 598 1345 usum
612 1292 767 1357 hominum,
788 1294 890 1362 partim
905 1292 942 1342 ad
953 1290 1010 1342 fru-

203 1368 291 1424 stum,
312 1361 412 1427 partim
429 1362 464 1412 ad
484 1362 841 1431 vescendumprooroatus.·
865 1361 909 1414 26.
928 1363 1009 1413 Artes

202 1446 270 1484 vero
290 1431 508 1484 innumerabiles
530 1438 658 1500 repertae
679 1439 756 1496 sunt,
769 1433 887 1485 docento
900 1437 1008 1484 natura.

202 1503 292 1567 Quam
303 1500 413 1574 imitata
424 1503 507 1566 ratio,
530 1519 575 1555 res
585 1502 620 1554 ad
632 1503 718 1555 vitam
729 1503 901 1555 necessarias
911 1502 1010 1553 soller-

178 1611 182 1624 .
201 1578 246 1625 tor
256 1577 408 1624 consecuta
419 1578 471 1624 est.
494 1573 541 1623 lX.
554 1573 646 1640 ipsum
658 1566 750 1624 autom
761 1571 899 1626 hominem
910 1572 1010 1624 eadum

202 1650 303 1695 natura
312 1655 368 1692 uon
377 1642 467 1692 solum
479 1643 622 1694 nolentata
634 1643 733 1694 montis
742 1641 1010 1704 ornavit‚sedotiam

202 1728 313 1774 sensus,
334 1716 476 1777 tamquam
487 1712 626 1764 satellites
638 1713 776 1774 attribuit,
793 1714 963 1764 aununtios:
983 1716 1011 1762 ot

202 1797 295 1834 rerum
314 1780 495 1848 plurimarum
516 1783 696 1834 obscurarum
717 1785 891 1834 necessarias
907 1781 1010 1834 intolli-

203 1852 311 1919 gentias
323 1850 468 1914 enodavit,
490 1852 570 1918 quasi
579 1851 760 1904 fundamenta
776 1852 912 1919 quaedam
923 1855 1010 1920 soien-

203 1921 274 1971 tias:
297 1921 470 1988 figuramque
481 1923 609 1989 corporis
620 1919 738 1973 habilem
751 1929 779 1974 ot
789 1929 883 1989 aptam
895 1922 1009 1989 ingenio

202 1986 321 2039 humano
339 1989 425 2042 dedit.
462 1989 534 2042 Nam
551 2007 635 2058 quum
651 1998 758 2043 ceteras
769 1994 923 2043 animantes
936 1992 1010 2042 abio·

203 2058 287 2109 dsset
303 2057 339 2108 ad
350 2065 474 2126 pastum,
495 2062 586 2111 solum
600 2059 738 2113 hominem
754 2062 856 2117 erexit.
877 2061 913 2112 ad
928 2061 1009 2112 caeli·

165 2171 168 2186 ,
203 2142 268 2195 que,
290 2129 369 2194 quasi
384 2130 562 2196 cognationis
574 2131 764 2198 domiciliiquo
777 2131 885 2198 pristini
897 2145 1010 2197 conspe·

111 2243 119 2258 ,
203 2204 277 2248 otum
292 2198 439 2250 excitauit:
463 2205 520 2250 tum
538 2200 661 2267 speciem
680 2202 723 2253 ita
737 2200 871 2254 formavit
887 2202 960 2263 oris,
979 2204 1009 2250 ut

203 2266 232 2317 iu
243 2282 277 2317 ea
288 2268 398 2335 penitus
409 2269 571 2322 reconditos
582 2285 674 2322 moros
687 2273 838 2338 effingeret.
875 2271 919 2323 2⁷.
939 2270 1010 2326 Nom

202 2342 231 2388 ot
242 2336 316 2387 oouli
330 2336 413 2387 nimis
430 2339 537 2405 arguti,
559 2340 789 2409 quemadmodum
804 2341 898 2392 animo
915 2338 1009 2392 affecti

204 2420 312 2467 sumus,
333 2404 498 2472 loquuntur:
520 2415 549 2460 et
560 2410 593 2472 is,
609 2410 656 2476 qui
667 2411 825 2477 appellatur
834 2411 944 2474 vultus,
963 2407 1010 2476 qui

203 2474 281 2526 nullo
293 2475 322 2539 in
333 2474 473 2529 animante
483 2492 553 2541 esso,
574 2487 683 2546 praeter
695 2478 842 2543 hominem,
855 2485 959 2547 potest,
971 2479 1009 2529 in·

204 2542 281 2595 dicat
291 2558 396 2594 mores:
419 2546 495 2597 ouius
506 2547 562 2597 vim
575 2547 676 2600 Graeci
688 2556 796 2612 norunt,
815 2565 916 2601 nomon
926 2546 1009 2602 omni-

203 2626 239 2676 no
250 2627 305 2662 non
316 2611 427 2665 habent.
442 2666 450 2681 x
464 2616 571 2668 Omitto
584 2621 819 2685 opportunitates,
838 2617 1011 2671 habilitates·

205 2694 258 2747 quo
269 2681 369 2749 reliqui
381 2684 516 2751 corporis,
533 2687 754 2742 moderationem
764 2689 850 2753 roris,
872 2689 1010 2743 orationis
