2084 3025
188 132 242 186 1OE
370 85 427 181 1).ss
445 126 616 181 NATURA
633 126 815 180 DEORUM

187 236 240 303 pit,
249 232 374 301 depellit.
386 231 475 297 Ipsius
485 238 577 283 autem
586 237 751 297 parteseae,
762 245 831 297 quae
843 235 909 281 sunt
919 228 1000 283 infra

187 304 233 364 id,
253 302 327 369 quod
338 301 500 361 devoratur,
520 300 688 351 dilatantur:
709 315 780 366 quae
796 304 888 354 auteur
900 314 999 366 supra,

190 369 397 425 contrahuntur.
434 367 493 421 136.
511 367 569 421 Sed
585 384 669 436 quum
685 384 784 435 aspera
801 368 920 429 arteria,
939 371 1001 430 (sic
1037 423 1038 428 ,

192 441 265 494 enim
282 454 303 490 a
316 439 433 490 medicis
449 439 621 504 appellatur)
643 439 746 488 ostium
764 433 877 497 habeat,
898 436 1001 487 adinn-

192 516 267 561 ctum
278 509 390 575 linguae
400 508 553 569 radicibus,
573 506 669 574 pardlo
684 522 779 573 supra,
798 521 881 573 quam
898 504 936 554 ad
947 505 1001 555 lin·
1038 507 1039 530 ¹

192 593 274 645 gnam
284 576 443 629 stomachus
455 577 624 639 annectitur,
643 591 730 642 eaque
745 576 781 626 ad
795 574 942 643 prdmones
955 573 1003 625 ris·
1038 577 1039 620 ξ

192 662 246 715 que
255 648 405 713 pertineat,
425 647 598 713 excipiatque
609 646 729 696 annnam
741 660 810 706 eam,
831 659 901 710 quae
912 642 1002 696 ducta
1038 659 1039 678 ³

192 717 230 767 sit
241 716 349 783 spiritu,
361 715 541 782 eamdemque
553 731 570 766 a
581 715 757 781 pulmonibus
766 713 885 779 respiret
896 718 927 763 et
935 709 1002 766 red·

192 784 254 837 dat:
275 786 378 853 tegitur
398 784 518 852 quodam
534 784 613 851 qnasi
629 783 773 850 operculo:
794 780 868 848 quod
883 782 920 850 ob
934 796 1003 832 eam
1039 781 1040 818 ἓ

193 866 320 907 caussam
331 854 426 906 datum
436 860 487 915 est,
497 868 552 916 ne,
563 852 655 919 siquid
668 853 697 902 in
708 866 769 904 eam
781 851 835 902 cibi
846 849 921 902 forte
931 850 1004 903 inci·

192 923 289 986 disset,
310 924 425 990 spiritus
436 922 625 988 impediretur.
662 920 716 972 Sed
727 936 809 987 quum
821 919 1002 982 abiuntum,
1040 975 1041 1000 Χ

134 1009 136 1012 ’
193 993 319 1045 subiecta
330 988 483 1052 stomacho,
492 990 548 1041 cibi
558 995 585 1041 et
594 990 718 1057 potionis
731 991 768 1041 sit
778 989 1002 1055 receptaculum:
1040 1013 1041 1018 ¹

193 1062 338 1129 pulmones
359 1067 452 1111 antem
472 1057 501 1111 et
517 1074 566 1112 cor
583 1061 753 1111 extrinsecus
768 1060 895 1128 spiritum
912 1057 1002 1110 addu-

195 1136 272 1182 cantx
292 1129 321 1179 in
338 1129 401 1190 alvp
416 1128 505 1179 multa
525 1133 590 1178 sunt
608 1129 775 1182 mirabiliter
794 1129 907 1192 effecta;
928 1143 1002 1194 quae

195 1204 304 1251 constat
322 1196 381 1250 fere
397 1212 412 1248 e
428 1198 528 1250 nervis.
564 1198 616 1249 Est
630 1197 722 1250 autem
737 1198 883 1265 multiplex
897 1204 927 1249 et
942 1205 1004 1250 tor·

193 1273 289 1329 mosa,
309 1273 440 1333 arcetque
451 1271 486 1326 ,et
502 1267 639 1331 eontinet,
658 1270 717 1321 sive
734 1268 805 1319 illud
821 1266 932 1319 aridum
947 1273 1002 1330 est,

194 1337 253 1389 sive
263 1334 415 1398 humidum,
422 1335 496 1402 quod
507 1337 615 1403 recipit,
625 1343 656 1388 ut
667 1336 697 1388 id
707 1336 811 1388 mutari
821 1343 849 1388 et
860 1336 1004 1403 concoqui

193 1405 296 1474 possit,
310 1420 399 1472 eaque
408 1411 468 1456 tum
480 1405 671 1474 adstringitur,
682 1414 743 1459 tum
753 1406 903 1467 relaxatur,
915 1411 1002 1472 atqua

195 1490 291 1539 omne,
311 1474 384 1543 quod
397 1473 510 1541 accipit,
533 1476 609 1544 cogit
619 1483 647 1529 et
658 1475 812 1529 confundit:
829 1482 861 1527 ut
872 1474 959 1528 facile
970 1480 1002 1527 ct

95 1544 104 1561 ⁶
195 1545 298 1608 calore,
314 1560 394 1612 quem
405 1545 523 1596 multum
533 1544 626 1607 habet,
647 1545 797 1600 extercndo
808 1546 871 1598 cibo
882 1551 911 1597 ct
921 1559 1003 1612 prae·

193 1622 273 1668 terea
283 1615 382 1682 spiritu
392 1615 484 1666 omnia
495 1621 576 1666 cocta
587 1621 670 1682 atque
686 1615 812 1667 confecta
821 1616 850 1667 in
860 1615 1002 1681 reliquum

195 1686 295 1754 corpuss
306 1684 472 1736 divldantur.
506 1683 568 1737 LV.
586 1685 617 1736 ln
631 1685 809 1757 pulmonibus
820 1689 915 1737 autem
925 1684 1004 1736 inest

195 1756 296 1806 raritas
313 1752 448 1820 quaedam
463 1758 492 1804 et
503 1752 632 1805 assimilis
644 1754 768 1822 spongiis
779 1752 942 1815 mollitudo,
963 1750 1002 1804 ad

194 1821 376 1876 hermendum
389 1822 519 1886 spiritum
536 1823 693 1888 aptissima:
715 1825 832 1890 quitum
848 1839 879 1876 sc
889 1827 1002 1874 contra·

104 1892 109 1899 ’
194 1890 264 1944 hunt
276 1890 458 1958 adspirantes,
468 1896 527 1940 turn
538 1892 670 1965 respiritn
679 1892 810 1955 dilatant,
828 1891 1001 1957 utfrequen·

89 1974 94 1978 ·
193 1967 238 2013 ter
248 1961 365 2011 ducatnr
376 1959 453 2010 cibus
463 1959 599 2023 animalis,
619 1976 674 2029 quo
684 1962 804 2014 maxime
815 1961 929 2013 aluntur
940 1958 1000 2011 ani·

194 2036 311 2082 mantes.
347 2025 407 2080 137.
426 2029 470 2080 Ex
478 2028 619 2081 intestinis
629 2037 721 2082 autem
732 2037 761 2083 et
772 2031 836 2082 alvo
842 2065 850 2092 ,
872 2034 999 2082 secretus

139 2135 143 2149 ,
194 2098 331 2165 areliquo
344 2097 417 2159 cibo,
439 2113 536 2150 succus
545 2099 584 2161 is,
605 2115 659 2167 quo
672 2100 785 2163 alimur,
805 2105 953 2166 permanat
961 2095 1002 2150 ad

193 2169 282 2228 iecur,
303 2181 353 2232 per
367 2167 501 2234 quasdam
517 2183 535 2219 a
544 2167 637 2220 medio
648 2169 778 2221 intestino
790 2182 877 2235 usque
887 2168 926 2218 ad
936 2182 1000 2234 por·

194 2243 240 2288 tas
250 2235 360 2299 iecoris,
373 2236 430 2300 (sic
440 2237 514 2289 enim
525 2253 542 2287 a
559 2234 716 2304 pellantur)
728 2239 825 2289 ductas
837 2243 865 2288 et
877 2236 1000 2291 directas

143 2306 148 2315 ¹
195 2305 265 2366 rias,
283 2320 351 2372 quac
361 2306 500 2373 pertinent
512 2252 642 2369 adpiecur,
663 2308 743 2374 eique
755 2305 916 2361 adhaerent.
952 2306 1000 2357 nt·

193 2388 246 2440 que
257 2374 321 2426 inde
332 2376 404 2426 aliae
415 2376 586 2441 pertinentes
597 2384 674 2439 sunt,
695 2390 745 2443 per
756 2392 823 2443 quas
834 2374 910 2426 cadit
921 2375 1001 2429 cubus

194 2458 212 2495 a
220 2443 312 2495 iecore
326 2444 463 2511 delapsus.
485 2446 527 2497 Ab
538 2459 571 2495 eo
584 2445 645 2495 cibo
658 2458 740 2512 quum
751 2452 795 2497 est
805 2450 915 2507 secreta
922 2443 1003 2505 bilis,

103 2544 109 2559 1
193 2512 267 2579 lique
276 2511 413 2576 humores,
425 2514 472 2581 qui
482 2530 517 2566 ex
527 2512 639 2564 renibus
649 2514 866 2580 profunduntur:
890 2506 1005 2580 reliqua'

194 2596 224 2632 se
234 2582 263 2632 in
274 2585 433 2649 sanguinem
444 2588 569 2644 vertunt,
588 2582 625 2632 ad
641 2583 806 2650 easdemque
817 2588 915 2649 portas
927 2583 1003 2634 icco·

193 2650 233 2701 ris
245 2650 394 2715 confluunt,
405 2652 441 2704 ad
452 2667 519 2719 quas
532 2665 626 2704 omnes
638 2652 697 2705 eius
707 2653 770 2705 riae
780 2650 937 2718 pertinent:
951 2666 1004 2719 per
