2084 3025
203 182 259 237 DE
278 180 535 236 SENEcTtJrE
554 181 638 235 csP.
657 180 700 236 23.
821 179 857 236 33

48 290 159 356 piatur,
176 293 209 337 ut
220 302 254 338 ex
265 285 316 338 hac
328 293 420 339 aetate
437 302 630 355 repuerascam
643 293 671 338 et
681 286 709 337 in
721 285 799 337 cunis
809 300 857 338 vs·

47 360 136 426 giam,
150 357 382 419 valdereeuseu13
404 373 453 409 nec
465 374 532 409 roro
543 359 635 421 veiint,
650 357 728 423 quasi
740 357 857 408 decurso

48 429 154 495 spatio,
174 427 210 477 ati
221 442 346 479 carceres
358 443 374 477 a
385 428 462 479 calce
474 428 609 479 revocari.
645 428 687 478 8-1.
699 427 774 489 Quid
784 428 858 479 onim

48 497 137 549 habet
150 499 212 547 rita
227 497 382 547 commodi'i
404 498 470 564 quid
486 514 541 548 noo
553 499 646 564 potius
659 497 781 548 laboris!
803 496 858 548 Sed

47 566 157 621 habeat
167 583 245 618 sano:
267 564 351 618 habet
362 576 436 618 certo
451 575 543 619 tamen
559 574 608 618 aut
619 568 790 628 sotietatem,
808 572 859 617 aut

48 637 177 688 modum.
197 637 260 686 Non
271 638 348 688 lubet
360 640 432 688 enim
445 637 513 687 mihi
525 638 671 704 deplorare
678 638 772 698 vitum,
783 634 859 702 quod

47 706 143 768 multi,
156 714 184 756 et
195 706 217 755 ii
228 706 318 768 doeti,
340 723 423 773 saepo
440 707 579 758 focerunt:
603 722 690 774 nequis
700 722 744 758 me
754 706 861 756 vixisse

46 778 194 843 poenitet3
211 778 340 842 quomam
352 779 392 828 ita
402 778 470 838 rixi,
481 783 512 826 ut
525 794 578 827 non
592 776 751 828 frustrante
762 782 860 826 natum

47 847 226 908 existimem
249 853 277 897 et
288 863 322 898 ex
333 848 393 897 rite
406 848 446 897 ita
465 847 593 907 discedo,
615 855 754 913 tamquam
767 860 801 896 ex
812 844 860 895 ho-

46 916 150 983 spitio,
171 930 229 965 non
240 920 381 983 tamquam
397 932 432 967 ex
448 917 539 967 domo.
577 915 774 969 commorandi
785 916 860 965 euim

45 993 155 1037 natura
166 984 357 1036 deversorium
370 987 464 1047 nobis,
485 1003 540 1037 ium
551 985 697 1039 habitandi
708 987 801 1037 iocum
814 984 860 1035 de·

45 1056 102 1107 dit.
136 1054 182 1107 85.
193 1056 217 1105 Ο
227 1056 402 1120 praeclarum
413 1055 496 1116 diem,
508 1073 590 1123 quum
603 1057 638 1107 ad
650 1055 722 1107 insu
736 1056 861 1106 divinum
889 1057 895 1123 ζ

44 1127 209 1188 animorum
225 1126 373 1176 concilium
390 1132 555 1192 coetumque
572 1127 746 1193 proficiscar,
765 1139 861 1191 quum·

45 1212 101 1263 que
113 1210 150 1245 ex
162 1191 214 1244 sac
223 1194 307 1246 turba
318 1201 345 1245 et
356 1196 514 1246 colluvione
526 1197 678 1248 discedam!
695 1195 860 1247 Proficisear

46 1266 126 1318 enim
147 1278 204 1313 non
219 1262 253 1314 sti
268 1280 317 1316 eos
332 1265 423 1315 solum
438 1266 528 1328 uiros,
548 1267 693 1333 dequibus
709 1272 772 1316 ente
786 1264 861 1326 dixi3

43 1348 147 1386 verum
161 1333 246 1384 etiam
260 1333 296 1384 ad
307 1335 440 1385 Catonem
458 1350 565 1397 meum,
587 1352 642 1402 quo
658 1350 739 1385 nemo
750 1334 793 1383 sir
804 1348 860 1384 rue·

43 1405 105 1455 lior
124 1406 283 1464 natusest,
303 1419 384 1455 nemo
401 1405 507 1470 pietate
526 1405 731 1471 praestantior:
754 1402 831 1453 euius
843 1417 862 1453 e

44 1490 94 1526 nte
107 1485 210 1537 eorpus
221 1479 372 1525 crematum
383 1481 438 1539 est3
459 1475 532 1541 quod
542 1483 641 1527 contra
657 1473 750 1526 decuit
762 1472 796 1526 ob
808 1471 860 1523 iilo

45 1557 163 1595 meum:
176 1543 283 1594 animus
293 1560 361 1595 vero
371 1559 426 1595 non
433 1545 624 1606 modoserens,
635 1544 683 1596 sed
689 1550 860 1609 respectans,

43 1614 76 1665 in
85 1627 126 1665 ea
135 1609 266 1678 profectu
277 1612 341 1665 locs
355 1614 497 1678 discessit,
519 1630 574 1682 quo
585 1613 720 1680 mihiipsi
731 1612 862 1664 cernebat

44 1697 113 1736 esse
134 1682 310 1736 veniendum.
346 1686 434 1747 Quem
455 1700 507 1753 ego
528 1700 618 1736 meum
640 1698 734 1734 cusum
748 1680 864 1732 fortiter

42 1754 125 1805 ferre
134 1752 213 1802 visus
224 1768 307 1816 sum3‘
320 1768 376 1803 non
387 1755 461 1821 quod
473 1770 562 1821 aequo
574 1753 666 1805 animo
677 1751 793 1814 ferrem
812 1749 863 1801 sed

41 1823 168 1889 meipso
180 1822 355 1886 consolabar,
372 1824 543 1886 existimans,
564 1840 619 1875 non
630 1823 811 1890 longinquum
821 1822 864 1871 in·

41 1900 91 1945 ter
105 1907 162 1942 nos
178 1891 335 1958 digressum
349 1900 377 1945 et
395 1894 548 1945 discessum
562 1893 632 1946 fore.
668 1895 711 1946 86.
727 1893 782 1944 His
792 1890 862 1942 mihi

39 1964 142 2023 rebus,
155 1959 260 2027 Scipio,
271 1963 310 2024 (id
320 1964 392 2014 enim
402 1970 431 2015 to
442 1979 504 2016 cum
516 1964 616 2015 Laelio
626 1962 759 2015 admirari
767 1961 862 2014 solere

41 2032 174 2094 dixisti)
189 2031 260 2083 levis
276 2039 319 2084 est
334 2042 477 2097 senectus,
497 2050 549 2085 neo
559 2034 651 2086 solum
667 2049 722 2085 non
732 2033 861 2092 molesta,

40 2101 96 2155 sed
116 2101 205 2153 etiam
220 2101 349 2155 iucunde.
385 2103 502 2164 Quodsi
515 2103 608 2156 inhoe
619 2119 697 2167 erro,
719 2101 861 2171 quodaui·

38 2187 110 2225 mos
122 2170 267 2223 hominum
278 2174 452 2228 immortales
462 2190 524 2227 esse
536 2174 657 2237 credens,
677 2174 808 2225 lubenter
819 2187 861 2224 er·

38 2256 91 2306 τος
108 2256 166 2293 nee
175 2239 243 2292 mihi
252 2240 324 2294 hune
334 2259 467 2307 errorem,
489 2259 543 2311 quo
554 2244 689 2305 delector,
707 2243 772 2294 dum
784 2242 860 2303 vivo,

38 2312 216 2379 extorqueri
228 2313 303 2364 rulo.
340 2313 387 2365 Sin
407 2321 549 2377 mortuus,
571 2320 614 2377 (ut
630 2313 744 2384 quidam
759 2309 861 2361 minuti

35 2380 212 2504 flhss‘mphi
231 2388 364 2447 censent)
386 2383 457 2436 nihii
472 2384 603 2437 sentiam:
626 2399 682 2435 non
697 2396 805 2442 vereor,
823 2394 859 2431 ne

59 2467 123 2504 une
143 2466 274 2506 errorem
288 2469 379 2506 meum
400 2455 507 2506 mortui
529 2451 689 2521 philosophi
710 2450 858 2502 irrideant.

36 2520 133 2586 Quod
144 2521 171 2573 si
181 2537 237 2572 non
247 2539 341 2574 sumus
352 2523 526 2575 immortales
537 2524 635 2585 futuri,
649 2529 743 2573 tamen
754 2518 859 2570 exstin-

34 2593 95 2661 gui
111 2590 224 2642 homini
243 2609 293 2643 suo
308 2599 434 2660 tempore
453 2594 580 2661 optabile
594 2598 645 2645 est.
681 2589 754 2641 Nem
766 2586 860 2647 khabet

32 2668 166 2722 natura,
186 2667 217 2711 ut
229 2662 346 2714 eliorum
358 2664 478 2715 omnium
496 2678 603 2726 rerum,
624 2662 666 2712 sie
677 2655 790 2709 viventii
800 2669 859 2705 mo·

31 2731 123 2854 dags.
144 2729 279 2855 SSueffitus
291 2740 385 2786 sutem
394 2734 519 2802 peractio
532 2732 700 2853 aetatiscest‚
714 2734 858 2794 tamquam

103 2815 143 2854 rc.
181 2816 206 2853 r.
