2084 3025
311 127 594 184 FRAGMENTA.
810 131 861 185 195

4 239 6 282 ἐ
42 227 159 306 dioride,
179 241 239 286 tum
255 234 339 285 etiem
356 234 458 288 itinera
473 242 502 288 et
519 236 630 287 labores
647 235 725 303 pacis
740 235 860 299 ecbelli,

42 309 79 360 id
91 314 142 368 est,
152 306 343 357 rusticationis
355 306 555 358 otmilitarium
561 307 775 372 stipendiorum,
785 305 861 357 Deus

42 378 160 429 tribuit:
182 376 293 427 mulieri
311 375 455 442 deinceps,
475 377 549 443 quod
570 377 701 426 omnibus
719 375 761 426 his
777 377 860 427 rebus

45 448 157 501 fecerat
166 445 330 506 inhabitem,
351 446 505 497 domestica
516 447 630 512 negotia
642 445 765 497 curanda
776 446 863 496 tradi·

46 519 102 569 dit.
139 517 176 567 Et
187 516 318 583 queniam
335 509 407 567 hune
422 532 520 567 sexum
541 515 687 567 custodiae
703 521 731 566 et
746 514 864 582 diligen·

4 607 6 612 ·
34 635 36 640 ,
46 590 109 640 tiae
122 589 325 652 assignaverat,
336 584 445 637 idcireo
456 586 630 637 timidiorem
640 584 772 645 reddidit,
779 600 864 650 quem

45 656 172 710 viritem.
209 656 281 707 Nam
300 664 389 707 metus
406 656 558 722 plurimum
574 654 683 707 confert
700 654 735 706 ad
748 652 863 722 diligen·

45 727 118 779 tiam
132 725 317 776 custodiendi.
354 725 436 786 Quod
452 733 546 778 autem
558 741 671 777 necesse
682 731 743 776 crat
755 722 824 774 foris
835 727 865 776 et
929 737 931 740 ’

45 798 80 850 in
100 802 199 862 aperto
220 796 325 846 victum
349 797 547 861 quaerentibus
568 810 775 862 nonnumquam
792 795 864 844 iniu-

45 868 123 920 riam
136 865 308 932 propulsare,
331 865 438 916 idcirco
450 867 551 927 virum,
571 882 653 934 quam
665 865 811 915 mulierem
823 861 864 915 fe·
882 861 885 866 “

46 937 89 989 cit
100 936 289 987 audaciorem,
326 936 399 997 Quin
414 951 480 986 vero
492 938 582 1003 partis
600 936 699 1002 opibus
709 949 797 1000 aeque
809 932 865 985 fuit

46 1022 123 1073 opus
137 1006 272 1057 memoria
288 1011 316 1056 et
333 1004 492 1072 diligentia:
515 1022 571 1058 non
586 1007 720 1057 minorem
732 1004 863 1068 feminae,

47 1092 135 1145 quam
145 1076 216 1138 ¹viro,
233 1091 327 1128 earum
336 1091 430 1127 rerum
440 1075 542 1128 tribuit
553 1078 767 1144 possessionem.
789 1076 863 1125 Tum

47 1148 152 1210 etiarm
173 1145 248 1212 qued
263 1145 382 1211 simplex
399 1152 673 1206 naturannnomnes
683 1162 728 1197 res
740 1159 862 1196 commo·

47 1216 104 1269 das
115 1216 247 1282 amplecti
258 1216 385 1277 volebat,
405 1216 511 1269 idcireo
533 1219 652 1269 alterum
664 1216 781 1267 alterius
792 1213 863 1265 indi-

33 1347 36 1351 A
46 1302 118 1357 gere
129 1287 231 1337 voluit:
248 1287 387 1353 quoniam,
400 1286 475 1353 quod
486 1289 570 1340 alteri
582 1288 669 1349 deest,
680 1292 793 1353 praesto
805 1285 863 1351 ple·

45 1370 168 1423 rumque
189 1360 231 1407 ost
250 1355 338 1410 ulturi.
376 1359 480 1406 Haecin
493 1358 669 1407 Oeconomico
681 1356 825 1422 Xenophon
837 1367 863 1405 et
929 1366 933 1372 “

46 1427 146 1479 deinde
164 1425 265 1488 Cicero,
287 1428 407 1491 quicum
425 1425 531 1491 latinae
552 1425 730 1474 consuetudini
746 1423 861 1484 tradidit,

45 1514 102 1546 non
122 1496 245 1547 inutiliter
265 1494 448 1545 disseruerunt.
481 1493 625 1557 (Colum.
645 1492 732 1544 ixii.
744 1491 826 1554 Praei.
837 1492 861 1558 d.
918 1534 926 1547 ,

50 1576 90 1615 1-
114 1588 122 1611 s

98 1564 132 1681 75)
151 1631 232 1693 (Xan.
244 1630 307 1682 Orc.
319 1650 340 1682 c.
357 1651 381 1699 7.
402 1629 425 1695 §⁶
441 1632 483 1684 56.
495 1633 545 1697 sq.)
580 1628 623 1680 En
643 1643 728 1696 porro
748 1643 863 1695 persua·

46 1700 192 1752 sissimum
208 1697 312 1752 habere
329 1701 454 1761 debebit,
478 1707 527 1752 aut
542 1699 570 1750 in
590 1705 696 1762 totum,
719 1704 768 1750 aut
787 1706 864 1750 certe

46 1770 203 1838 plurimum
215 1769 331 1821 domiso
342 1771 447 1822 morari
459 1778 603 1837 oportere:
625 1777 682 1820 tum
699 1769 800 1836 quibus
813 1769 864 1818 ali·

48 1839 119 1909 quid
132 1841 161 1889 in
170 1852 237 1906 agro
248 1839 406 1892 faciendum
419 1842 474 1892 erit
485 1842 583 1903 semis,
604 1854 653 1892 eos
664 1838 741 1891 foras
754 1840 864 1890 emitte·

46 1925 95 1973 τες
119 1910 215 1976 quibus
232 1917 325 1961 autem
340 1910 371 1961 in
386 1910 456 1962 villa
471 1911 537 1978 quid
554 1910 691 1978 agendum
712 1908 864 1971 ridebitur,

47 1993 100 2032 eos
118 1981 192 2030 intio
208 1981 330 2046 parietes
350 1981 509 2043 continere,
531 1988 615 2048 atque
632 1980 864 2040 animadvertere,

48 2065 86 2102 ne
103 2048 204 2100 diurno
214 2050 349 2101 cessando
364 2051 537 2103 frustrentur
546 2065 646 2117 opera:
668 2066 738 2118 quae
750 2050 863 2100 donnum

49 2119 327 2182 auteminferuntnr,
347 2121 499 2189 diligenter
509 2123 665 2188 inspicere,
685 2138 720 2173 ne
737 2118 864 2172 delibata

47 2191 122 2250 sint,
144 2191 226 2241 etita
241 2190 388 2256 explorata
400 2197 483 2257 atque
494 2192 630 2244 inviolata
643 2193 780 2257 recipere,
801 2198 863 2240 tum

47 2273 197 2327 separare,
218 2274 288 2326 quae
302 2261 490 2313 consumendo
501 2268 574 2323 sunt,
594 2268 622 2313 et
635 2272 705 2327 quae
716 2260 863 2326 supet-fieri

48 2336 185 2450 possunt,
205 2329 364 2393 custodire,
386 2346 421 2381 ne
436 2341 565 2396 sumptus
581 2347 687 2381 annuus
705 2336 863 2380 menstruus

73 2404 114 2451 at.
150 2400 223 2450 Tum
234 2399 258 2450 si
288 2401 331 2451 uis
344 2415 379 2451 ex
389 2394 500 2450 familia
519 2400 645 2466 coeperit
661 2399 779 2450 adverso
789 2398 864 2450 rule-

48 2469 151 2521 tudine
161 2468 243 2531 uilici,
254 2470 406 2522 ridendum
418 2471 478 2531 erit,
501 2476 533 2519 ut
543 2468 567 2520 is
579 2483 661 2537 quom
672 2466 864 2519 commodissi-

49 2551 95 2592 me
117 2540 305 2592 ministretur:
326 2553 391 2591 nom
415 2552 450 2592 ex
467 2535 629 2591 huiusmodi
649 2554 716 2589 cura
737 2537 863 2587 noscitur

48 2603 257 2672 benevolentia,
269 2624 320 2662 nee
331 2612 421 2661 minus
433 2606 604 2678 obsequium.
617 2608 690 2671 Quin
702 2606 787 2657 etiam
798 2598 867 2656 fidel
904 2664 910 2671 p

48 2674 116 2742 lius,
136 2694 218 2748 quam
228 2680 316 2748 prius,
337 2683 442 2735 servire
453 2681 579 2742 student,
601 2679 648 2746 qui
661 2672 861 2735 convaluerint,
