2084 3025
196 203 233 256 es
439 196 495 248 nn
513 160 754 248 Pammene

196 307 264 358 beas
276 300 454 362 firmamenti,
469 299 551 367 qnod
565 301 636 350 satis
650 311 711 349 esse
721 295 818 364 possit.
855 291 994 363 perquiras

198 376 283 438 etiam
294 378 323 423 et
334 371 486 438 investiges
497 369 622 419 homines
634 384 669 419 es
680 366 891 433 omniregione,
903 382 997 432 eosque

196 456 362 509 cognoscas,
374 448 499 507 appetas,
508 439 667 500 confirmem
683 452 771 498 cures,
788 443 821 487 ut
831 438 862 486 in
872 437 929 486 suis
939 435 999 486 sisi·

198 511 336 564 nitatibus
348 511 405 561 'tibi
422 514 532 575 petant,
552 515 580 560 ct
593 515 646 559 tua
661 522 759 558 caussa
774 507 856 573 quasi
867 504 1000 557 candidati

199 582 265 633 sint.
284 578 391 632 Volent
401 581 563 638 temnimus,
574 577 681 627 sisuam
692 582 744 628 ate
751 576 905 627 amicitiam
914 574 1001 640 expefi

199 651 342 701 videbunt.
378 648 409 698 ld
419 652 451 697 ut
461 647 629 712 intelligant,
651 646 792 707 oratione,
814 660 889 713 quae
901 645 1002 696 adeam

200 721 342 772 rationem
365 715 499 783 pertinet}
522 715 631 768 abunde
651 729 831 780 consequere.¹
871 714 1002 765 Homines

200 788 384 858 municipales
403 801 436 837 ac
445 786 593 846 rusticani,
614 785 639 835 si
649 784 760 835 nemine
770 785 854 835 nobis
863 785 928 834 neti
939 789 1002 844 sunt,

201 859 231 910 in
243 857 367 909 amicitia
381 872 411 906 sc
426 870 487 906 esse
497 856 678 907 arbitrantur.
714 852 745 905 Si
755 868 821 905 vero
835 854 921 906 etiarn
934 868 1003 919 prae·

202 928 269 981 sidii
280 943 311 978 se
321 924 427 991 aliquid
437 924 493 974 sibi
504 924 677 975 constituere
689 927 798 989 putant,
809 939 865 974 non
877 924 1003 973 amittunt

109 1026 112 1029 ι
202 997 377 1049 occasionem
389 994 576 1060 promerendi.
611 994 673 1044 Hcs
684 993 783 1054 ceteri,
798 999 828 1044 et
837 993 961 1044 maxime
970 995 1005 1042 tui

205 1065 402 1131 competitores
413 1078 448 1115 ne
458 1070 559 1114 norunt
566 1062 695 1130 ‘quidemz
708 1069 739 1113 tu
750 1061 876 1124 mutasti,
887 1068 918 1114 et
929 1060 1006 1112 facilc

204 1148 370 1201 cognosces:
382 1133 507 1198 sineque
517 1133 641 1184 amicitia
651 1143 776 1183 essenon
787 1137 899 1199 potest„
917 1132 1006 1199 Neque

150 1241 160 1253 ,
202 1203 234 1256 id
245 1211 338 1254 tamen
349 1203 417 1253 satis
429 1207 480 1262 est,
489 1202 604 1253 tametsi
614 1216 742 1267 magnum
754 1209 806 1263 est,
817 1202 843 1251 si
852 1217 911 1251 non
921 1215 1006 1252 conse·

130 1305 134 1311 -
191 1281 307 1345 ‚quatur
316 1288 379 1338 spes
390 1271 521 1322 utilitatis
532 1279 618 1336 atque
632 1269 785 1333 amicitiae,
806 1286 843 1321 ne
854 1271 1006 1321 nomencla-

141 1363 145 1370 ·
203 1351 250 1395 tor
269 1342 372 1402 solum,
392 1340 443 1391 sed
464 1342 570 1391 amicus
590 1342 675 1391 etiam
694 1339 784 1390 bonus
806 1355 869 1390 esse
890 1341 1006 1392 videare.

204 1414 247 1465 lta
258 1428 339 1478 quum
351 1418 380 1462 et
390 1409 441 1460 hos
451 1409 536 1475 ipses,
547 1417 662 1476 propter
672 1424 749 1460 suain
761 1411 959 1471 ambitionem,
968 1408 1006 1476 qui

205 1482 280 1550 apud
291 1479 408 1533 tribules
419 1479 643 1599 onustiorimum
655 1481 747 1545 gratia
757 1484 885 1546 possunt,
903 1482 950 1531 tui
960 1486 1006 1531 stu

206 1550 341 1604 diosos'in
354 1552 486 1602 centuriis
516 1550 624 1601 abebis:
646 1556 674 1599 et
686 1557 802 1610 ceteros,
817 1550 866 1615 qui
878 1551 956 1617 apud
967 1548 1008 1600 ali·

205 1636 287 1689 quarn
300 1627 408 1686 partem
420 1620 567 1670 tribulium
579 1625 693 1684 propter
701 1619 844 1684 municipii
857 1628 910 1671 aut
920 1620 1008 1671 cirita·

204 1692 242 1744 tis
254 1696 302 1741 aut
313 1689 426 1756 collegii
436 1691 582 1746 ,rationem
591 1688 700 1750 valent,
720 1688 837 1755 cupidos
856 1691 904 1740 tui
916 1688 1009 1741 consti·

205 1760 304 1828 tueris,
315 1760 345 1809 in
354 1759 462 1825 optima
473 1774 520 1825 spe
532 1774 593 1808 esse
603 1757 724 1809 debebis.
743 1758 801 1809 lam
813 1759 944 1824 equitum
958 1774 1011 1811 cen

205 1829 298 1879 suriae
308 1828 397 1878 multe
411 1825 523 1879 facilius
538 1826 607 1878 mihi
619 1827 766 1894 diligentia
780 1842 866 1893 posse
877 1830 970 1881 teneri
979 1827 1011 1877 si·

207 1897 335 1950 dentur.¹
354 1895 475 1948 Primum
498 1897 684 1963 cognoscendi
704 1904 770 1948 sunt
786 1898 914 1963 equites3
937 1896 1010 1966 pauci

207 1966 279 2018 caim
291 1970 369 2016 sunt:
390 1966 489 2018 deinde
505 1966 690 2033 adipiscendi:
710 1966 800 2017 multo
818 1967 895 2018 enim
907 1968 1011 2020 incilius
1031 1985 1032 1996 ¹

206 2036 259 2088 illa
270 2034 541 2088 adolescentulorum
551 2044 628 2088 aetas
641 2036 675 2087 ad
683 2036 836 2088 amicitiam
843 2037 1010 2104 adiungitur.
1031 2069 1032 2072 =

206 2104 316 2159 Deinde
331 2103 446 2158 babebis
460 2112 553 2158 tecum
564 2121 598 2157 ex
613 2106 759 2157 iuventute
771 2106 914 2172 optimum
927 2121 1012 2175 quesn·

207 2179 311 2244 qucct
336 2175 569 2226 studiosissimum
593 2174 783 2227 humanitatis.
826 2180 903 2228 Turn
926 2181 1032 2228 auten?

208 2243 284 2313 quod
295 2252 424 2363 eguester
435 2243 503 2296 cr'do
512 2251 578 2303 tuus
590 2251 641 2307 est,
652 2251 802 2310 sequentur
812 2246 857 2297 illi
865 2247 1013 2299 auctorita·

167 2343 171 2346 ·
207 2321 265 2367 tem
279 2330 311 2365 or

208 2399 264 2435 non
277 2383 381 2434 ordinis
396 2384 485 2434 solum
497 2384 656 2447 voluntate,
676 2383 724 2437 sed
741 2386 827 2436 etiam
840 2387 1012 2453 singulorum

161 2471 166 2480 ·
209 2453 340 2504 amicitiis
351 2468 399 2504 eas
411 2454 550 2504 centurias
561 2456 738 2507 confirmatas
748 2452 864 2508 babeas.
889 2457 952 2508 lam
964 2463 1012 2508 stu·
1029 2473 1031 2480 ⁴

209 2522 257 2573 din
268 2522 541 2574 adolescentulorum
551 2525 581 2575 in
592 2524 778 2592 suffragando,
788 2525 819 2575 in
830 2526 977 2589 obeundo,
990 2523 1012 2573 in
1030 2532 1031 2554 ¹

209 2590 376 2653 nuntiando,
394 2593 424 2641 in
435 2593 601 2644 assectando
613 2595 729 2646 mirifice
740 2601 768 2647 et
778 2610 885 2662 inagna
895 2604 926 2648 et
937 2596 1013 2648 hone

171 2691 174 2696 <
209 2665 255 2709 sta
265 2666 337 2711 sunt.
365 2660 413 2712 lX.
424 2662 606 2729 Et‘quoniam
613 2665 807 2717 assectaticnis
819 2668 934 2719 mentio
945 2660 1014 2716 fama

210 2733 262 2788 est,
272 2728 302 2779 id
314 2743 422 2796 quoquc
433 2733 585 2785 curandum
597 2742 648 2797 cst,
664 2741 696 2787 ut
708 2734 876 2804 quotidiana
888 2740 1014 2803 cuiusque

330 2314 399 2376 inis,
419 2315 446 2365 si
456 2316 504 2366 abs
521 2321 550 2365 te
565 2314 745 2367 adhibebitur
756 2330 789 2365 en
801 2315 1013 2383 diligentiafut
