2084 3025
234 120 289 176 DE
308 123 502 183 AMICITIA
520 131 605 185 CAP.
620 132 643 187 5.
660 133 687 187 d.
824 139 859 193 41

68 228 96 274 nt
108 230 148 274 1111
154 259 162 285 ,
183 225 230 292 qui
246 226 316 281 haee
329 230 459 286 subtilius
479 234 630 302 disserunt3
648 227 770 292 fortasse
785 256 859 306 vere,

67 292 113 344 sed
125 293 157 344 ad
168 309 339 351 communem
350 302 503 356 utilitatem
514 321 622 372 parum.
657 308 768 377 Negant
778 312 859 374 enini,

67 377 224 430 quemquam
239 369 327 419 virum
341 370 442 443 bunum
453 374 530 438 ease,
551 377 605 428 nisi
617 381 780 447 sapientem.
817 380 861 433 Sit

65 431 105 482 ita
116 448 187 485 sane.
213 433 268 487 Sed
281 455 342 492 eam
353 443 519 509 sapientiam
531 446 758 515 interpretantur,
777 466 860 518 quam

65 499 151 552 adhuc
160 507 286 558 mortalis
296 525 377 562 nemu
390 521 432 564 est
443 522 618 568 consecutus.
641 519 700 570 Nos
711 528 804 572 autem
817 536 860 583 ea,

64 586 132 638 quae
143 575 243 626 suntin
254 593 305 628 usu
315 579 428 649 vitaque
439 587 586 648 eenrmuni,
605 603 659 639 non
670 604 712 651 ea,
731 601 800 655 quae
812 590 860 639 tin·

63 648 163 707 guntur
174 649 222 694 aut
233 654 373 712 aptantur,
389 659 517 718 spectare
528 654 669 710 debemus.
705 658 859 724 Numquam

62 726 114 778 ege
127 710 224 777 dicam,
249 717 278 768 C.
289 717 456 784 Fabricium,
474 723 517 774 Μ’
530 725 652 788 Curium,
667 728 711 778 Ti.
723 729 861 780 Corunca-

60 782 145 842 nium,
164 798 232 851 quns
243 787 384 852 sapientes
396 793 486 843 nestri
496 794 617 845 maiores
628 795 805 859 iudicabant,
824 797 861 849 ad

60 849 174 902 istorum
187 869 312 907 normam
323 856 566 926 suissesapieutes.
585 864 861 925 Quaresibihabeant

60 919 211 984 sapientiae
222 940 334 989 nemen,
354 939 382 979 et
395 931 565 983 invididsum
576 941 605 984 et
616 936 776 985 obscurum:
799 950 861 987 eun·

60 987 220 1058 cedantque,
229 999 261 1045 ut
272 993 301 1046 hi
313 996 379 1049 beni
390 1000 444 1050 riri
456 1000 569 1055 luerint.
606 1004 648 1055 Ne
659 1003 688 1054 id
699 1004 810 1072 quidem
822 1005 862 1055 fa·

59 1059 142 1111 cient.
177 1062 338 1130 Negabunt,
358 1068 402 1130 id,
424 1070 478 1121 nisi
487 1073 622 1138 sapienti,
641 1089 723 1140 pesae
735 1074 860 1126 cernendi.

56 1131 178 1196 Agamus
188 1132 274 1199 igitur
280 1135 384 1206 pingui
395 1138 529 1204 Minerua,
541 1150 573 1194 ut
583 1144 669 1195 aiunt.
699 1140 740 1196 19.
752 1143 808 1205 Qui
818 1146 861 1197 ita

57 1208 206 1265 sugerunt,
227 1205 267 1255 ita
276 1206 381 1269 vivunt,
401 1214 538 1262 uteorum
549 1212 681 1277 probetur
692 1212 773 1277 fides,
790 1216 861 1266 inte·

55 1269 156 1337 gritas,
165 1275 300 1339 aequitas,
316 1275 481 1341 liberalitas,
502 1296 553 1332 nee
562 1282 599 1332 sit
608 1281 637 1332 in
648 1283 706 1333 illis
716 1283 776 1334 ulla
786 1284 862 1350 eupi-

55 1340 130 1391 ditas
142 1341 188 1393 vel
201 1344 288 1395 libide
298 1347 343 1397 vel
356 1348 483 1411 audacia,
503 1351 613 1417 sititque
623 1366 725 1417 magna
735 1360 862 1404 canstan-
901 1350 906 1365 '
966 1372 968 1379 ·

53 1410 111 1470 tia,
135 1417 166 1461 ut
176 1412 198 1462 ii
209 1412 332 1475 fuerunt,
354 1418 438 1468 mede
453 1434 524 1485 quos
539 1421 693 1471 naminari:
717 1418 768 1472 hes
784 1423 861 1473 viros

52 1479 152 1542 banos,
163 1489 194 1533 ut
204 1480 290 1536 habiti
301 1492 373 1550 sunt,
381 1488 421 1540 sic
429 1489 517 1541 etiarn
531 1490 861 1558 appellandusputemus3

52 1551 122 1617 quia
132 1560 294 1618 sequuntur,
305 1565 437 1621 quantum
449 1558 576 1611 hemines
587 1566 712 1627 pessunt,
724 1569 861 1625 naturam,

51 1620 192 1686 eptimam
204 1624 273 1675 bene
285 1626 395 1677 vivendi
407 1628 513 1681 ducem.
535 1629 582 1681 Sic
592 1631 664 1682 eninr
676 1629 744 1681 mihi
755 1631 861 1697 perspi·
939 1628 953 1642 '

49 1705 116 1741 cere
127 1690 234 1754 videor,
256 1694 298 1747 ita
308 1707 391 1747 natas
401 1713 462 1749 esse
474 1715 535 1762 nes,
556 1707 588 1751 ut
597 1702 671 1751 inter
680 1715 775 1752 omnes
787 1707 861 1752 esset

47 1759 175 1811 societas
186 1763 334 1829 quaedam:
351 1767 440 1819 maier
450 1775 552 1831 autem,
562 1776 594 1821 ut
605 1771 721 1837 quisque
732 1771 859 1837 proxime

47 1829 208 1882 accederet.
244 1833 341 1900 Itaque
357 1837 432 1888 eires
447 1839 586 1903 potiores,
606 1856 686 1907 quam
703 1841 858 1908 peregrini3

45 1900 210 1969 propinqui,
222 1917 302 1968 quarn
316 1905 409 1957 alieni.
431 1908 496 1957 Cum
508 1906 551 1958 his
563 1910 635 1960 enim
647 1911 799 1962 anrieitiam
811 1926 857 1961 na·

42 1976 114 2021 tura
131 1972 198 2037 ipsa
214 1976 335 2038 peperit:
357 1976 407 2026 sed
419 1991 453 2027 ea
462 1994 517 2029 neu
530 1979 599 2029 satis
611 1978 694 2030 habet
705 1982 857 2031 firmitatis.

41 2037 176 2107 Namque
186 2040 242 2092 Irae
251 2049 377 2108 praestat
387 2046 511 2096 amicitia
521 2050 732 2115 propinquitati,
738 2049 811 2116 qued
822 2064 857 2102 ex

40 2110 261 2177 propinquitate
273 2112 468 2167 benevelentia
478 2116 541 2167 tolli
553 2125 660 2183 potest,
681 2135 715 2171 ex
731 2119 857 2171 amicitia

38 2195 100 2229 nnn
116 2186 224 2245 petest.
260 2180 379 2234 Sublata
396 2184 468 2236 enim
483 2185 693 2251 benevelentia,
716 2190 857 2241 amititiae

36 2263 149 2312 nenren
164 2249 289 2314 tollitur,
308 2253 524 2322 propinquitatis
543 2264 645 2311 manet.
680 2260 724 2310 20.
745 2259 857 2320 Quanta

35 2325 141 2371 autem
152 2320 197 2371 vis
211 2322 352 2374 amicitiae
364 2324 415 2387 sit,
434 2340 469 2377 ex
480 2324 533 2377 huc
543 2326 668 2393 intelligi
679 2329 798 2378 maxime
809 2343 856 2393 pe·

32 2394 111 2440 test:
125 2388 206 2456 qued
216 2406 251 2442 ex
260 2392 369 2444 infinita
379 2395 516 2447 sacietate
521 2398 632 2463 generis
643 2396 765 2457 humani,
773 2413 855 2461 quarn

32 2458 211 2511 conciliarit
222 2461 283 2526 ipsa
293 2470 402 2527 natura,
417 2464 459 2516 ita
469 2474 614 2517 eontracta
624 2481 668 2517 res
679 2472 722 2515 est
732 2471 760 2514 et
771 2464 857 2515 addu-

31 2535 85 2581 etn
98 2530 132 2580 in
144 2537 304 2596 angustum,
324 2539 356 2583 ut
367 2535 455 2585 amnis
467 2537 570 2586 carItas
582 2541 630 2585 aut
638 2535 712 2583 inter
724 2533 795 2612 dues
807 2541 857 2612 aut

27 2599 116 2651 inter
127 2615 237 2666 paucos
249 2601 421 2668 iungeretur.
450 2602 497 2656 VI.
513 2605 566 2654 llst
576 2610 670 2655 antem
681 2601 806 2651 amicitia
815 2617 856 2650 nr·

28 2665 76 2724 hil
90 2669 188 2734 aliud,
203 2670 254 2732 nisi
268 2672 389 2726 emnium
400 2673 558 2725 divinarum
567 2671 803 2735 humanarumque
813 2684 857 2720 re·
