2084 3025
160 200 162 204 p
220 135 255 187 ro
396 133 453 185 nu
470 131 639 188 narnus
656 135 837 190 osonum

221 243 384 302 temporum,
402 250 610 303 nonpossumus
620 239 780 306 intelligere
790 239 850 291 sine
860 235 1012 300 mentera·

220 305 308 368 tione,
329 305 456 356 consilio.
491 307 570 367 Quae
585 322 667 374 quum
677 309 712 359 ‘in
727 307 864 359 sideribus
879 308 970 358 inesse
980 305 1014 355 ri·

221 374 344 435 (luamus,
353 388 408 424 non
420 389 567 440 possumus
576 393 611 428 ea
619 377 680 443 ipss
689 392 744 428 non
754 377 783 428 in
793 376 915 428 Deorum
926 390 1015 426 nume·

221 458 252 494 ro
263 456 408 509 reponere.
433 443 567 497 Neorero
583 446 682 498 stellae
699 462 762 508 eae,
778 461 849 512 quae
863 445 1014 496 inerrantes

221 517 428 575 venantum-non
438 513 597 580 significant
606 515 732 567 eamdem
742 521 1016 580 menternatquepru·

175 629 178 634 .
221 581 357 645 dentiam3
377 596 493 649 quarum
507 590 551 635 est
566 584 739 650 quotidiana,
758 584 936 644 conveniens,
957 595 1016 631 con·

220 657 351 720 stonsque
361 652 518 704 conversio:
529 667 579 705 nec
589 652 691 704 hahent
702 651 848 705 aethereos
858 666 963 712 cursus,
975 664 1016 699 ne·
1035 653 1036 656 ’

220 735 273 786 que
289 721 367 772 caelo
382 718 570 785 inhaerentes,
590 729 620 773 ut
634 723 757 788 plerique
772 722 866 772 dieunt
887 718 1018 786 physicae

219 789 337 840 rationis
348 791 448 856 ignari.
480 791 543 842 Non
555 798 597 842 est
608 792 680 843 enim
693 790 813 842 aetheris
825 804 859 841 ea
868 798 977 849 natura,
987 791 1017 836 ut

220 858 318 926 visua
337 859 435 910 stellas
454 860 599 925 complexa
617 866 806 926 contorqueat.
842 858 913 909 Nam
929 854 1016 908 tenuis

221 943 254 978 ac
263 928 407 993 perlucens
422 934 451 980 et
462 929 602 995 aequabili
618 929 711 980 calore
726 928 847 979 suffusus
857 924 956 978 aether
966 939 1017 974 non

220 999 288 1047 satis
304 1005 386 1064 aptus
396 998 430 1047 ad
447 997 544 1049 stellas
559 997 740 1049 continendas
749 996 867 1047 videtur.
903 994 948 1046 55.
963 994 1018 1044 Ha·

221 1066 287 1116 hent
299 1066 385 1133 igitur
395 1081 472 1117 suam
485 1064 629 1131 sphaeram
640 1066 740 1118 stellae
749 1067 913 1127 inerrantes,
927 1064 964 1114 ah
976 1077 1017 1113 ae·

221 1134 318 1185 therea
332 1136 525 1186 coniunctione
543 1143 680 1194 secretam
701 1142 729 1187 ct
749 1136 875 1186 liberam.
914 1134 1018 1184 Earum

220 1210 312 1254 eutem
323 1218 467 1269 peromnes
479 1219 575 1255 cursus
586 1211 669 1272 atque
679 1205 816 1271 perpetui,
830 1217 890 1253 oum
901 1202 1019 1253 admira·

219 1273 272 1323 nili
282 1272 495 1339 incredibilique.
503 1276 668 1336 constantia,
679 1274 824 1326 declarant
832 1273 860 1322 in
871 1270 913 1322 his
924 1271 982 1322 vim
992 1274 1019 1320 et

220 1347 339 1392 mentem
349 1356 411 1392 esse
423 1342 558 1393 divinam:
579 1351 623 1403 ut,
642 1344 712 1394 haec
721 1344 782 1408 ipsa
792 1342 840 1410 qui
851 1355 904 1391 non
915 1341 1020 1391 sentiat

219 1410 342 1460 Deorum
356 1410 410 1461 iim
424 1409 542 1475 hahere,
561 1412 586 1463 is
602 1410 669 1463 nihil
685 1413 796 1464 omnino
812 1424 944 1462 sensurus
960 1423 1019 1461 esse

220 1478 356 1532 rideatur.
372 1493 375 1497 ‘
393 1480 436 1535 50.
452 1481 538 1534 Nulla
551 1483 638 1550 igitur
651 1481 769 1541 incaelo
784 1494 835 1533 neo
845 1479 962 1531 fortuna
972 1493 1020 1531 neu

220 1551 364 1602 temeritas
379 1566 430 1602 nee
442 1553 547 1603 erratio
564 1566 615 1603 nee
624 1554 746 1604 varietas
761 1552 847 1612 inest;
868 1556 1021 1615 contraque

220 1620 309 1671 omnis
320 1620 398 1682 ordo,
408 1621 521 1683 veritas,
532 1621 615 1681 ratio,
630 1621 795 1672 constantia.
831 1616 967 1685 Quaeque
977 1618 1021 1669 his
1036 1622 1037 1625 ’

219 1695 326 1751 vacant,
337 1691 471 1741 ementita
480 1696 511 1741 et
521 1690 601 1752 falsa,
612 1690 748 1756 plenaque
754 1687 864 1750 erroris,
875 1689 1022 1740 eacircuns
1036 1690 1037 1693 ’

219 1766 318 1819 terras,
329 1757 405 1808 infra
414 1759 517 1819 lunam,
535 1773 606 1824 quae
617 1760 740 1810 omniurn
750 1758 850 1809 ultima
861 1762 913 1818 est,
923 1757 956 1807 in
965 1763 1021 1809 ter·

219 1829 312 1893 risque
322 1832 476 1878 versantur.
512 1827 681 1879 Caelestium
693 1825 966 1895 ergovadrnirabilem
979 1840 1022 1877 or·

220 1895 316 1947 dinem
323 1893 569 1962 incredibilemque
584 1898 781 1960 constantiam,
800 1910 836 1948 ex
846 1910 901 1962 qus
910 1910 1023 1948 consm-

218 1965 293 2016 vatio
304 1970 333 2015 et
343 1964 419 2015 salus
430 1966 554 2015 omnium
565 1966 654 2017 omnis
663 1967 760 2029 oritur,
775 1967 823 2033 qui
829 1978 935 2018 necare
945 1980 1024 2016 men·

218 2041 246 2085 tc
266 2039 359 2100 putat,
378 2033 404 2084 is
424 2033 485 2101 ipse
499 2037 601 2087 mentis
617 2049 715 2103 expers
729 2034 871 2088 habendus
885 2039 939 2087 est.
978 2033 1023 2086 57.

220 2101 302 2154 Haud
314 2117 390 2170 ergo,
400 2109 432 2154 ut
443 2105 551 2171 opinor,
562 2118 700 2169 erravero,
710 2106 735 2157 si
746 2104 896 2172 sprincipe
906 2104 1025 2156 investi·

219 2170 471 2239 garemannus,
494 2172 575 2225 huius
584 2174 785 2241 disputationis
794 2174 964 2241 principium
975 2173 1026 2225 ‹lu-

219 2252 295 2292 xero.
322 2240 409 2294 XXll.
423 2244 497 2294 Zeno
508 2243 733 2310 igiturnatursm
743 2244 783 2296 ita
794 2243 901 2307 delinit,
916 2248 1027 2295 utesrn

220 2310 294 2361 (licat
304 2308 397 2377 ignem
408 2328 468 2364 esse
480 2314 669 2376 artificiosum,
684 2314 720 2364 sd
730 2311 896 2381 gignendum
908 2326 1027 2379 progre-

219 2378 338 2432 dientem
353 2381 407 2432 iia.
443 2383 543 2434 Censet
558 2383 632 2437 enim
652 2384 722 2436 artis
741 2383 861 2434 maxime
876 2383 1028 2448 proprium

219 2464 287 2511 esse,
303 2464 397 2501 creare
408 2457 436 2501 et
448 2452 576 2517 gignere3
598 2452 726 2521 quodque
735 2452 764 2503 in
775 2450 906 2518 oporibus
914 2456 1029 2503 nostra·

219 2532 280 2570 rum
290 2520 392 2571 artium
402 2533 499 2570 manus
511 2521 627 2578 ellioiat,
639 2522 670 2573 iu
680 2521 770 2573 multo
780 2519 968 2572 artificiosius
980 2535 1032 2571 na·

164 2624 166 2628 -
219 2595 309 2639 turam
325 2588 446 2650 efficere,
465 2589 567 2651 idest,
587 2599 619 2641 ut
634 2591 704 2653 dixi,
723 2592 816 2657 ignem
827 2590 1033 2651 artificiosum,

221 2657 384 2724 magistrum
404 2659 507 2711 artium
523 2659 702 2728 reliquarum.
736 2660 827 2726 Atque
841 2657 894 2709 hae
911 2661 1031 2726 quiden
