2084 3025
267 137 345 193 ura.
364 139 386 193 1.
422 139 509 221 cnr.x
528 138 569 197 ta
589 138 631 196 1⁴.
806 140 860 197 zm

55 242 133 298 litate
142 247 289 312 ponerent)
299 241 343 295 his
354 246 481 298 omnibus
492 245 570 310 baec,
582 261 653 316 qnae
659 244 728 308 dixi,
739 247 858 314 proban·

53 322 104 367 tur.
141 315 186 366 39.
201 312 262 366 Sibi
277 321 372 365 autem
386 315 576 384 indulgentes,
599 324 628 369 et
643 317 756 384 corpori
766 315 858 369 deser·

54 385 168 445 vientes,
190 391 273 451 atque
284 386 386 446 emnia,
406 400 477 452 quae
488 394 641 453 sequantur
651 388 680 438 in
692 387 760 449 rita,
777 401 859 453 quac·

56 469 104 522 que
115 453 242 522 fugiant,
261 454 453 521 voluptatibus
465 463 493 507 et
504 456 649 509 doloribus
659 456 857 524 ponderantes,

55 524 137 575 etiam
147 525 172 574 si
182 539 249 574 vera
259 523 363 587 dicunt,
379 524 460 586 (nihil
471 527 545 578 enim
556 542 625 594 opus
636 533 678 578 est
688 525 814 578 hocloco
825 525 859 576 li·

55 594 139 656 tibus)
150 595 181 643 in
192 591 312 644 hortulis
324 595 382 645 suis
392 596 538 647 iubeamus
554 595 660 658 dicere,
679 604 763 663 atque
772 597 859 648 etiam

57 664 88 713 ab
101 663 176 713 eueni
188 664 324 715 societate
334 665 520 731 reipublicae,
541 666 621 717 euius
632 673 739 733 partem
751 680 801 718 nec
810 678 859 716 ne·

56 738 119 786 runt
129 732 225 795 ullam,
237 750 288 784 nec
298 750 429 802 umquam
440 750 522 787 nosse
533 735 692 797 voluerunt,
704 735 859 801 paullisper

57 801 211 869 facessant,
228 817 367 870 regemus.
403 804 641 857 Perturbatrieem
657 811 751 855 autem
763 802 860 855 burum

57 871 175 922 earnium
185 886 278 922 rerum
288 874 474 937 Academiam,
495 874 567 925 banc
577 876 612 927 ab
623 874 746 926 Arcesila
757 880 785 925 et
795 875 861 924 Car·

56 941 142 994 rende
152 951 301 1004 recentem,
320 956 474 1006 exeremus,
494 951 526 995 ut
537 945 629 996 sileat.
666 943 738 995 Nam
749 943 774 994 si
783 944 861 993 inva-

57 1012 124 1063 serit
133 1011 162 1063 in
174 1010 252 1073 haec,
267 1027 338 1076 quae
348 1014 418 1064 satis
429 1015 500 1065 scite
510 1015 592 1065 nobis
601 1014 739 1065 instructa
749 1023 777 1068 et
787 1027 861 1065 eom·

57 1082 147 1146 posita
159 1080 301 1144 videntur,
321 1083 420 1133 nimias
430 1082 495 1134 edet
506 1085 610 1136 ruinas.
647 1083 736 1144 eram
748 1082 860 1151 quidem

56 1152 106 1218 ego
117 1150 231 1218 placare
243 1152 334 1217 cupio,
345 1153 508 1203 submovere
519 1168 574 1205 non
585 1152 684 1206 audeo.

89 1219 212 1284 (Desunt
221 1219 265 1275 tic
270 1222 395 1293 fortasse
405 1224 532 1275 umbella
543 1224 574 1274 de
581 1221 861 1291 peccaticemcs‘ents'a

417 1294 420 1301 '
472 1293 761 1360 ettcelerumpcenlt.)

58 1356 128 1410 XIV.
147 1358 194 1410 40.
210 1360 265 1393 “⁴³
278 1375 340 1411 nam
353 1359 468 1411 cliniis
482 1361 543 1413 sine
554 1362 630 1412 illius
639 1361 805 1413 sufficientis
815 1374 861 1411 en·

58 1428 126 1496 piati
137 1444 245 1480 sumus.
267 1431 380 1481 atvero
391 1431 528 1483 scelerum
538 1432 566 1481 in
579 1430 705 1483 homines
717 1438 800 1498 atque
810 1430 862 1480 im·

55 1498 194 1566 pietatum
205 1499 282 1550 nulla
292 1500 414 1567 expiatio
425 1507 477 1553 est.
495 1501 592 1569 ltaque
603 1517 708 1569 peenas
719 1501 799 1553 luunt
806 1515 862 1550 non

56 1577 112 1621 tarn
122 1568 244 1632 iudiciis,
265 1576 349 1637 (quae
361 1571 506 1638 qnondam,
512 1587 651 1639 nusquam
663 1577 756 1633 erant,
777 1568 862 1621 bodie

55 1638 243 1692 multifariam
254 1640 333 1691 nulla
343 1647 422 1704 sunt3
436 1647 467 1691 ut
478 1641 642 1703 sinttarnen,
649 1654 783 1708 persaepe
789 1638 863 1691 falsa

54 1715 131 1772 sunt)
154 1708 205 1761 sed
217 1715 248 1759 ut
259 1725 309 1760 ecs
318 1711 427 1777 agitent
442 1710 670 1778 insectenturque
682 1705 788 1773 furiae,
807 1721 863 1761 non

55 1780 213 1832 ardentibus
227 1779 329 1842 taedis,
349 1781 422 1831 sicut
437 1781 465 1831 in
480 1781 599 1843 fabulis,
619 1781 668 1833 sed
684 1795 789 1848 angore
800 1795 863 1831 con·

55 1850 201 1910 scientiae,
212 1847 376 1916 fraudisque
388 1851 527 1903 cruciatu.
563 1851 679 1913 Quodsi
691 1851 817 1903 hemines
827 1849 862 1901 ab

55 1917 158 1988 iniuria
168 1934 273 1985 poena,
296 1934 350 1972 nou
360 1928 459 1972 natura
470 1937 564 1973 arcere
577 1921 704 1984 deberet,
726 1935 863 1989 quaenam
878 1961 884 1970 .

55 1988 341 2052 sollieituderexaret
351 1991 463 2056 impios,
475 1991 587 2043 sublato
598 1992 798 2059 suppliciorum
810 2005 864 2041 me·

55 2057 103 2113 tus
123 2058 252 2120 Quorum
270 2067 363 2110 tannen
378 2075 459 2111 nemo
478 2066 536 2111 tam
551 2061 642 2113 audax
657 2077 787 2129 umquam
799 2060 864 2122 luit,

9 2147 14 2155 ’
55 2129 121 2194 quin
133 2134 186 2179 aut
198 2129 331 2180 abnueret
342 2144 360 2179 a
369 2146 399 2182 sc
411 2131 589 2182 commissum
601 2146 662 2182 esse
673 2130 792 2192 facinus,
814 2136 865 2182 aut

54 2196 121 2248 iusti
131 2197 179 2249 sui
192 2197 299 2248 doloris
310 2214 436 2251 caussam
447 2200 570 2266 aliquam
581 2201 707 2268 lingeret,
724 2199 864 2252 defensio·
877 2205 882 2214 “

54 2282 175 2335 nemque
196 2264 329 2319 facinoris
348 2285 365 2319 a
385 2276 501 2321 naturae
521 2270 692 2338 iurealiquc
709 2272 863 2337 quaereret.

55 2336 134 2399 Quae
140 2338 166 2387 si
177 2338 319 2404 appellare
330 2338 528 2405 audentimpii,
539 2354 593 2407 qud
601 2339 712 2394 tandem
720 2337 865 2390 studiose·

55 2404 279 2458 lenturabonist
290 2407 407 2469 Quodsi
418 2423 514 2475 poena,
525 2410 549 2459 si
555 2416 647 2459 metus
659 2407 798 2473 supplicii,
808 2419 865 2482 ndu

54 2473 116 2544 ipsa
122 2477 281 2543 turpitudo,
292 2478 415 2529 deterret
423 2478 457 2527 ab
464 2478 601 2529 iniuriosa
606 2477 838 2536 facinorosaquci
845 2485 867 2518 ι·

54 2549 95 2597 ta:
106 2553 241 2600 nemoest
250 2547 385 2610 iniustus3
396 2554 445 2598 aut
455 2548 565 2598 incauti
572 2547 669 2612 potius
676 2539 868 2592 habendisunt

53 2612 188 2681 improbi.
205 2614 328 2668 illlum
339 2623 433 2668 autem
444 2617 492 2683 qui
505 2632 560 2666 non
571 2617 633 2680 ipse
645 2612 764 2662 honesto
774 2618 868 2655 move·

54 2695 127 2747 mur,
137 2691 170 2737 ut
181 2684 249 2738 beni
258 2687 312 2737 riri
320 2687 419 2749 simus,
429 2671 868 2743 sedutilitatealiquaatquelru·
905 2745 907 2749 v
