2084 3025
243 133 322 187 ern.
340 134 381 187 ιι
418 132 502 188 car.
520 132 564 188 ss.
582 131 625 188 so.
643 133 688 187 so.
753 110 759 117 “
816 132 869 189 235

52 238 173 292 Etrusci
193 243 288 292 tanuen
309 236 412 291 babent
427 244 573 290 exaratum
589 251 706 305 puerum
717 244 868 292 ¹truciorem

52 309 227 376 disciplinae
238 324 319 360 suae:
340 324 392 360 nos
404 309 503 376 quemi
524 308 665 361 Attiumne
677 308 814 361 Navium!
833 310 870 362 rit

54 380 170 447 aliquot
180 379 262 429 annis
272 378 414 446 antiquior
425 377 560 432 Romulus
571 385 600 430 et
606 378 717 442 Remus,
728 380 809 432 ambo
821 394 869 431 au·

7 499 17 507 ,
54 460 155 516 gru-es,
174 453 207 499 ut
222 448 388 514 accepimus.
424 450 466 499 An
482 447 656 512 Pisidarum,
678 457 727 501 aut
741 448 868 512 Cilicum,

54 524 106 571 aut
120 517 267 586 Phrygum
288 519 344 569 ista
360 516 473 586 iuventa
495 517 640 571 dicemus?
657 518 754 572 Placet
774 520 868 588 igitur,

55 587 394 655 humanitatis'cxpertes
414 587 519 641 habere
544 587 699 641 divinitatis
719 588 867 641 auctorest

54 657 188 710 XXXlX.
208 655 252 710 81.
262 658 298 709 At
310 671 405 709 omnes
415 657 517 726 Reges,
531 658 638 725 populi,
649 660 777 712 sationes
787 666 868 711 utun·

54 734 101 779 tur
118 728 264 794 auspiciis.
301 727 391 789 Quasi
405 742 474 780 vero
490 728 641 796 quidquam
656 729 693 780 sit
707 736 766 780 tam
776 728 867 790 valde,

54 813 139 866 quam
153 797 340 864 nibiisapere,
358 797 488 865 vulgare3
506 804 557 849 aut
569 798 650 864 qnasi
659 798 712 849 tibi
722 798 777 864 ipsi
789 799 817 851 in
827 800 869 849 iu-

53 866 178 919 dicando
189 867 301 934 placeat
309 867 469 920 multitudo.
506 869 614 933 Quotus
626 867 743 935 quisque
754 876 805 930 est,
821 868 869 934 qui

55 938 234 1003 voluptatem
248 943 331 1004 neget
347 938 538 990 essebonuml
557 937 689 1004 Plerique
699 938 784 989 etiarn
795 952 869 988 suns·
884 954 888 965 ’

55 1020 132 1056 muns
147 1007 373 1061 bonum'dicunt.
410 1007 483 1059 Num
499 1008 586 1076 igitur
602 1022 699 1059 eorum
709 1007 870 1075 frequentis

56 1074 150 1128 Stoici
166 1075 201 1128 de
213 1078 354 1130 sententie
369 1074 573 1130 deterrenturl‘
582 1083 631 1128 aut
646 1092 710 1128 nunr
726 1077 869 1144 plerisque
889 1124 892 1131 ,

56 1145 84 1196 in
96 1146 191 1197 ‘rebus
213 1139 340 1213 sequitur
360 1163 457 1200 eurum
482 1148 680 1200 auctoritatem
700 1146 870 1200 multitudo!

53 1215 130 1279 Quid
142 1216 246 1266 mirum
255 1217 355 1283 igitur,
376 1218 402 1267 si
412 1219 442 1267 in
455 1217 590 1287 auspiciis
599 1223 628 1270 et
639 1217 668 1268 in
679 1218 755 1269 omni
764 1217 869 1269 divina·

56 1287 134 1336 tione
154 1285 294 1336 imbecilli
308 1285 394 1337 animi
407 1286 613 1353 superstitiosa
626 1288 682 1339 ista
700 1288 870 1356 concipiant,

58 1370 158 1407 reruni
168 1355 308 1421 dispicere
319 1371 374 1406 non
386 1357 511 1422 possinti
530 1355 658 1419 82Qnae
669 1364 763 1409 autem
774 1364 817 1409 est
829 1358 869 1407 in·
902 1414 905 1423 s

55 1431 101 1476 ter
117 1439 240 1492 augures
253 1426 419 1478 conveniens
439 1431 467 1477 et
477 1427 627 1478 coniuncta
637 1427 812 1480 constantissi
827 1422 869 1477 Ad

55 1495 149 1549 nostri
159 1495 273 1563 augruii
283 1494 512 1550 consuetudinem
525 1496 598 1548 dixit
609 1497 724 1561 Ennius,

94 1564 186 1629 Quum
196 1564 287 1618 tonuit
296 1568 401 1619 laesum
412 1566 476 1621 bene
487 1575 646 1650 tempestate
656 1583 761 1621 serena.

54 1636 91 1687 At
100 1636 274 1687 Homericus
284 1636 381 1688 Ulixes
392 1638 465 1704 apud
475 1635 613 1694 Achillem
625 1652 742 1703 querens
753 1635 788 1689 de
798 1635 870 1689 fero·

56 1706 145 1758 citato
156 1706 545 1775 Troianorummescioquid,
556 1703 611 1759 hoc
621 1706 705 1758 modo
717 1707 841 1759 nuntiate

66 1804 71 1812 ·
90 1775 236 1843 Prospera
245 1775 371 1844 luppiter
382 1776 423 1829 bis
435 1778 539 1831 dextris
545 1777 708 1850 fulgoribus
719 1776 784 1830 edis.

53 1845 100 1898 lta
113 1845 199 1897 nubis
214 1845 487 1913 sinistranidentur,
508 1846 604 1900 Graiis
616 1855 645 1899 et
660 1846 870 1900 barbarisdex-

52 1921 114 1976 tre,
134 1915 266 1968 meliora.
285 1925 287 1932 ’
304 1916 478 1985 Quamquam
493 1916 569 1970 haud
580 1919 695 1987 ignoro,
713 1933 784 1985 quae
795 1917 870 1970 bona

53 1986 126 2053 sint,
149 1985 267 2038 sinistra
280 2000 332 2038 nos
342 1986 451 2040 diceres
470 1989 555 2040 etiam
567 1989 591 2040 si
602 1987 702 2040 dextra
711 1989 776 2043 sint.
811 1988 870 2042 Sed

56 2062 133 2108 certe
143 2057 236 2107 nostri
247 2056 389 2109 sirristrum
400 2058 624 2123 nominaverunt,
635 2059 868 2128 extemlquedex·

54 2132 139 2189 trum,
152 2126 222 2192 quia
233 2125 397 2195 plerumque
408 2129 508 2180 meiius
518 2130 548 2180 id
559 2129 714 2182 videbatur.
732 2130 776 2183 83.
787 2132 867 2182 llaec

55 2203 165 2264 quanta
175 2195 312 2248 dissensio
328 2195 382 2249 est!
404 2197 492 2261 Quid,
512 2199 587 2267 quod
605 2199 670 2251 aliis
681 2200 778 2251 aribus
788 2205 870 2251 utun·

50 2273 111 2329 tur,
130 2266 199 2317 aliis
209 2266 315 2335 signis!
337 2268 422 2319 aliter
432 2270 597 2332 observant,
615 2269 672 2321 alia
683 2268 870 2336 respondenti

56 2336 119 2387 Non
130 2351 247 2389 necesse
258 2342 303 2387 est
314 2337 411 2401 fateri,
432 2340 535 2406 partim
551 2339 650 2390 horum
668 2354 764 2391 errore
779 2354 870 2391 susce·

55 2413 136 2473 ptum
149 2422 225 2471 esse3
234 2407 337 2473 partim
348 2409 545 2474 superstitione
556 2408 793 2461 multaiallcndol
807 2408 870 2457 XL.

56 2477 146 2544 Atque
157 2475 201 2527 bis
209 2477 457 2544 superstitionibus
468 2495 525 2531 non
535 2480 668 2532 dubitasti
680 2477 765 2529 etiam
777 2476 872 2526 omina

55 2546 223 2614 adiungere.
236 2562 243 2572 ¹
257 2547 378 2599 Aemilia
392 2546 505 2613 Paullo,
525 2548 639 2600 Persam
657 2546 777 2612 perisses
798 2541 872 2608 quod

59 2622 141 2683 pater
151 2629 235 2670 umen
245 2618 367 2683 accepit:
381 2618 505 2670 Caecilia
515 2618 621 2670 sororis
633 2616 710 2665 tiliae
721 2611 873 2690 sedessuas

59 2686 180 2740 tradere.
217 2687 276 2741 lanr
286 2688 348 2751 illa,
359 2684 460 2741 Favete
471 2690 588 2759 linguis:
598 2693 628 2738 et
638 2684 873 2752 praerogativam,
