2084 3025
198 160 252 221 446
357 119 362 126 ’
422 157 729 245 ··“,1)Εοηιοιιε

199 265 247 334 qui
262 270 356 318 autem
368 263 479 327 habuit,
503 257 634 317 nuditati
669 261 770 316 xxiii.
788 263 1008 332 80.Acpropter

197 335 253 387 hoc
268 336 386 387 iniuriae
401 350 490 403 genus
500 334 715 387 Lacedaemonii
731 334 909 402 Lysandrum
926 332 1008 401 epiro·

198 411 260 457 rum
267 405 447 471 expulerunt:
468 405 539 471 Agin
550 405 663 471 Regem,
673 403 746 470 quod
763 415 912 471 numquam
925 411 1010 456 autea

200 473 274 542 apud
289 489 337 525 eos
358 474 509 537 acciderat,
532 480 717 526 necaveruntr
734 488 823 540 exque
844 487 879 525 eo
899 481 1009 540 tempo·

199 560 232 597 re
242 548 338 596 tantae
348 543 506 610 discordiae
516 552 629 596 secutae
639 549 711 606 sunt,
728 548 760 595 ut
772 549 801 595 et
811 544 927 610 tyranni
938 543 1011 595 exsi-

200 618 308 667 sterent
320 619 349 666 et
359 614 510 680 optimates
522 613 787 675 exterminarentur,
807 618 837 665 et
846 613 1013 679 praeclaris·

29 685 42 700 ‘
139 725 144 732 ,
201 684 271 735 sime
291 684 447 735 constituta
465 683 625 754 respublica
642 682 821 735 dilaberetur.
863 683 923 735 Nec
943 695 1012 735 vcro

202 755 293 807 solum
313 755 376 821 ipsa
395 752 509 816 cecidit,
531 754 579 805 sed
600 753 686 805 etiam
703 751 840 821 reliquam
862 752 1014 805 Graeciam

203 823 305 877 evertit
316 823 682 892 contagionibusmalonmr,
701 837 780 889 quae,
796 822 1015 876 aLacedaemo·

201 895 258 945 niis
268 892 403 962 proiecta,
414 898 562 945 manarunt
573 893 667 945 latius.
695 890 789 956 Quidi
802 900 916 944 nostros
925 893 1015 945 Grac·

203 962 279 1028 chos,
294 964 340 1015 Ti.
351 962 480 1026 Gracchi,
496 964 597 1015 summi
606 963 669 1025 viri,
689 961 774 1025 filios,
789 961 917 1015 Africani
927 978 1015 1032 nepe·

187 1037 261 1098 tes,
282 1045 381 1086 uonne'
391 1035 520 1102 agrariae
538 1033 729 1085 contentiones
740 1032 952 1099 perdiderunt?
970 1030 1015 1085 81.

201 1104 314 1156 atvero
326 1105 429 1155 Aratus
439 1101 589 1171 Sicyonius
599 1104 659 1155 iure
675 1101 821 1166 laudatur,
841 1102 904 1171 qui,
926 1117 1015 1171 quun

202 1172 263 1226 eius
273 1172 371 1225 civitas
382 1174 583 1242 quinquaginta
592 1188 680 1225 annos
692 1189 709 1224 a
719 1172 847 1239 tyrannis
857 1178 1013 1237 teneretur,

200 1240 344 1312 proiectus
355 1244 437 1313 Argis
449 1242 607 1311 Sicyonem,
618 1241 933 1304 ‘clandestineintroitn
942 1241 1014 1297 urbs

202 1314 373 1379 estpotitus.
392 1311 846 1386 vtiurrmque‘tyrannntuNicoclem
856 1313 1013 1382 improviso

112 1430 122 1436 .
202 1383 397 1465 oppressisset,
418 1390 565 1436 sexcentos
578 1382 700 1445 exsules,
721 1382 768 1449 qui
778 1380 891 1435 fuerant
903 1379 965 1436 eins
977 1384 1013 1435 ei·

200 1451 300 1503 utatis
309 1451 535 1521 locupletissimi,
544 1453 681 1515 restituit,
691 1466 804 1520 remque
814 1452 1014 1521 publicamud·

154 1540 163 1549 “
202 1519 287 1576 ventu
298 1522 508 1576 sue‘liberarit.v
535 1522 590 1575 Sed
599 1522 826 1599 quum‘magnam'
837 1524 1015 1578 animadver-

179 1612 182 1615 ‘
201 1586 315 1646 teretia
331 1593 412 1646 bonis
423 1598 451 1645 et
466 1593 692 1660 possessionibus
708 1592 916 1658 difficultatem,
937 1594 1016 1663 quod

87 1728 91 1743 l
169 1688 171 1693 v
203 1669 232 1716 et
244 1678 301 1726 cos,
313 1679 381 1733 quos
392 1663 452 1731 ipse
461 1664 634 1729 restituerat,
647 1676 765 1731 quorum
775 1664 850 1715 bona
859 1663 1016 1733 cliipoese⁴

202 1728 311 1797 derant,
320 1748 402 1800 egere
413 1732 617 1800 iniquissimum
630 1732 827 1796 arbitrabatur,
839 1739 868 1786 ct
878 1736 1017 1803 quinqua·

203 1802 283 1871 ginta
303 1816 438 1856 annerum
457 1803 780 1870 possessionesmoreri
798 1818 854 1855 non
868 1805 953 1857 nimis
971 1820 1015 1859 ae-

202 1888 287 1940 quum
308 1875 441 1940 putabat,
465 1883 616 1941 propterea
637 1873 712 1942 quod
733 1881 792 1926 tam
811 1872 904 1942 longo‘
919 1874 1014 1943 spatio

202 1942 292 1994 multa
302 1936 513 2007 hereditatibus,
524 1945 614 1996 multa
624 1944 820 2011 emptionibus,
836 1944 930 1996 multa
938 1946 1014 1997 doti·

201 2012 255 2064 bus
268 2012 436 2066 tenebantur
444 2015 506 2067 sine
516 2014 634 2066 iniuria:
644 2013 790 2079 iudicavit,
800 2022 889 2081 neque
899 2013 1015 2067 ilirsad·

202 2082 264 2144 imi,
285 2097 374 2149 neque
390 2083 433 2135 bis
449 2084 671 2153 nonsatisiieri,
691 2082 808 2152 quorum
823 2085 875 2136 illa
889 2083 1014 2148 fueraut,

203 2157 344 2217 oportere.
380 2153 423 2206 82.
439 2156 531 2221 Quum
543 2155 631 2222 igitur
639 2155 800 2216 statuisset,
821 2169 892 2221 opus
904 2171 968 2208 csse
978 2153 1014 2207 ad

204 2232 265 2273 eam
286 2235 346 2274 rcm
367 2223 591 2289 constituendam
611 2225 742 2292 pecunia,
763 2224 964 2281 Alexandriam
984 2236 1015 2279 tc

202 2291 346 2365 proticisci
357 2292 433 2357 frelie
449 2294 535 2357 dixit,
553 2310 666 2363 remque
680 2294 820 2362 integram
835 2295 872 2347 ad
886 2294 1014 2348 reditum

203 2366 285 2413 suuni
304 2363 392 2429 iussit,
408 2380 481 2416 esse:
506 2364 586 2433 isque
607 2364 735 2418 celeriter
753 2364 790 2416 ad
809 2363 1016 2428 Ptolemaeum,

203 2428 284 2490 mrum
299 2431 462 2500 hospitem,
471 2434 562 2497 venit,
582 2434 629 2503 qui
643 2442 702 2487 tum
715 2436 853 2507 regnabat
864 2434 1015 2504 niterpost

203 2498 405 2554 Alexandriam·
419 2502 574 2556 conditam:
595 2505 641 2573 cui
658 2507 947 2625 quum'epposuisset,
961 2514 1015 2629 pe·

203 2570 290 2622 triam
301 2587 331 2623 se
341 2569 462 2624 liberere
473 2574 556 2637 velle,
567 2567 733 2643 caussamqii
799 2574 919 2642 consen
934 2591 952 2628 a
989 2591 1014 2629 e·

204 2653 239 2706 ge
251 2640 382 2707 opulento
394 2643 437 2693 vir
445 2657 569 2695 summus
580 2644 666 2697 facile
677 2636 852 2712 impellierit,
868 2652 902 2697 ut
912 2645 1014 2715 maadi

203 2711 324 2774 pecunia
343 2710 533 2793 adiuraretur.
568 2715 660 2782 Quam
674 2727 760 2787 quum
775 2714 927 2785 Sicyonem
942 2720 1014 2772 atta
