2084 3025
274 160 355 212 arn.
372 159 411 212 11.
440 158 524 213 cnr.
536 158 578 213 to.
591 157 632 213 1⁷.
799 158 853 216 aar
887 148 901 221 ,“

43 265 106 328 noc,
124 263 202 332 qarod
212 263 322 332 loquar,
342 264 406 317 Diis
415 264 622 318 immortalibus
634 270 746 334 gratum
757 267 853 333 potius

44 336 142 397 videri,
154 350 342 403 quamgt-ave.
352 363 386 373 -
421 335 509 391 XVll.
526 337 569 388 42
580 336 681 389 Omnia
691 343 751 387 tum
762 335 855 402 perdi·

46 414 138 461 torum
151 406 253 456 citium
264 406 379 468 scelere,
394 405 518 458 discessu
528 422 600 469 meo,
610 407 777 474 religionum
788 407 854 458 iura

45 476 154 545 polluta
165 483 243 527 sunt:
263 477 360 528 vexati
376 478 467 528 nostri
476 477 564 528 Lares
579 476 747 528 familiares:
767 477 797 527 in
807 490 853 529 eo-

45 561 105 598 rum
117 544 230 596 sedibus
242 546 456 598 exaedificatum
467 546 604 614 ternplum
612 547 773 599 Licentiae:
792 544 854 613 pal·

46 630 121 667 sosa
133 613 260 666 delubris
275 614 309 679 is,
329 617 376 683 qui
394 617 447 669 illa
466 622 599 668 servarat.
637 617 854 683 Circumspicito

47 685 176 736 eeleriter
191 685 301 747 animo,
320 684 403 748 (nihil
420 687 493 739 enirn
509 687 613 738 attinet
624 701 789 755 quemquam
803 699 854 737 uo·

46 754 159 816 minari)
178 754 227 821 qui
242 755 299 805 sint
313 769 405 808 rernm
417 758 510 809 exitus
521 756 675 810 consecuti.
711 754 784 818 Nos,
805 753 855 822 qui

45 822 120 876 illam
132 824 278 876 custodem
291 825 384 888 Urbis,
400 827 528 878 omnibns
539 827 645 894 ereptis
656 825 760 877 nostris
771 825 855 878 rebus

46 911 78 947 ae
88 893 216 962 perditis,
226 894 330 947 violari
342 896 376 947 ab
387 897 481 964 impiis
492 896 568 964 passi
581 909 757 957 pensamus,
780 910 855 946 eam·

46 979 147 1032 quaer
162 971 262 1015 nostra
277 965 359 1018 domo
375 967 404 1017 in
422 967 512 1034 ipsius
528 967 618 1035 patris
630 965 743 1016 domum
754 962 855 1023 detuliff

46 1050 115 1097 mus,
124 1032 233 1085 iudicia
243 1034 371 1100 Senatus,
382 1037 488 1100 ltaliae,
501 1037 626 1105 gentium
637 1035 757 1102 denique
768 1033 855 1086 omni·

47 1119 101 1167 um,
113 1112 296 1156 conservatae
307 1107 415 1173 patriae
425 1107 571 1159 consecuti
581 1122 685 1158 sumus.
715 1107 777 1170 Quo
788 1100 855 1172 quid
906 1104 909 1109 '

49 1174 175 1226 accidere
184 1176 279 1241 potuit
290 1172 396 1227 homini
406 1176 594 1244 praeclariust
612 1177 737 1240 Quorum
748 1176 855 1229 scelere

49 1244 199 1311 religiones
213 1251 273 1295 turn
287 1253 448 1313 prostratae
463 1246 639 1314 afflictaeque
650 1251 730 1309 aunt3
749 1246 855 1313 partim

51 1314 152 1365 exiliis
164 1313 296 1366 distracti
311 1331 344 1367 ae
359 1317 489 1384 dissipati
503 1317 607 1367 iacent:
630 1316 754 1383 quivero
767 1312 855 1367 exhis

50 1380 185 1434 ethorum
197 1384 335 1436 scelerum
346 1387 486 1453 principes
499 1385 629 1448 fuerunt,
650 1392 679 1437 et
689 1390 802 1452 praeter
812 1399 856 1437 oe·

7 1456 10 1459 “
51 1457 123 1504 teros
134 1453 166 1503 in
177 1453 254 1504 omni
264 1455 400 1523 religione
412 1456 503 1523 impii3
515 1471 571 1507 non
580 1455 672 1506 solum
681 1454 740 1505 vita
751 1453 856 1505 crucia·

49 1523 80 1585 o,
89 1523 198 1591 [atque]
211 1522 357 1587 dedecore,
368 1542 465 1577 verum
476 1527 563 1578 etiam
575 1524 719 1592 sepultura
729 1539 764 1575 ae
772 1524 857 1586 iustip

49 1594 244 1660 exsequiarum
256 1602 411 1648 caruerunt.
447 1595 491 1648 43.
508 1596 541 1658 Q„
558 1593 695 1662 Equidem
705 1594 762 1644 ista
772 1606 857 1661 agno·

49 1677 105 1725 seo,
126 1662 225 1726 frater,
244 1669 272 1714 et
288 1665 401 1718 meritas
415 1664 480 1716 Diis
493 1664 603 1736 gratias
619 1678 687 1731 agot
705 1662 757 1715 sed
772 1663 858 1716 nimis

48 1748 130 1799 saepe
150 1748 231 1784 secus
251 1733 395 1800 aliquanto
416 1734 544 1787 videmus
567 1734 695 1786 eradere.
730 1733 770 1786 M.
792 1732 857 1787 Non

48 1804 130 1865 enim,
142 1802 256 1865 Quinte,
271 1810 347 1855 reete
358 1804 559 1867 existimamus,
579 1819 650 1871 quae
662 1819 751 1871 poena
761 1802 857 1856 divina

33 1875 35 1878 ’
49 1872 96 1924 sit:
113 1878 143 1924 et
155 1873 334 1939 opiniomlsus
344 1874 421 1942 vulgi
431 1876 557 1941 rapimur
566 1874 595 1924 in
608 1889 738 1937 errorem,
750 1890 801 1928 noe
811 1890 858 1928 ve·

50 1957 79 1993 ra
89 1944 243 1994 cernimus:
266 1949 371 2005 morte,
393 1950 443 1995 aut
452 1944 550 1996 dolore
561 1945 696 2014 eorporis,
717 1951 767 1997 aut
777 1946 858 1998 luotu

50 2013 142 2075 animi,
155 2018 205 2063 aut
216 2013 371 2064 offensione
380 2013 488 2077 iudicii,
498 2012 640 2066 hominum
651 2015 780 2067 miserias
792 2030 858 2083 pon·

50 2080 190 2133 warnos:
212 2097 285 2149 quae
295 2082 520 2136 fateorhumana
531 2100 604 2147 esse,
626 2091 654 2137 et
664 2086 762 2137 multis
773 2085 857 2138 bonis

50 2151 114 2204 siris
124 2152 276 2204 accidisse:
291 2153 405 2205 sceleris
417 2160 460 2206 est
469 2170 570 2221 poena,
582 2155 686 2207 tristis:
707 2161 736 2206 et
746 2147 859 2223 praeitor

50 2229 236 2285 asserentes,
256 2219 303 2290 qui
314 2229 476 2290 sequuntur,
496 2239 547 2291 per
557 2240 587 2275 se
597 2226 794 2292 ipsamaxima
804 2228 857 2279 est.

50 2289 179 2343 Vidimus
189 2308 248 2354 eos,
270 2294 327 2359 qui,
349 2294 402 2344 nisi
413 2291 538 2346 odissent
549 2297 683 2361 patriam,
706 2307 860 2362 numquam

7 2369 8 2378 ¹
49 2361 156 2413 inimici
167 2362 247 2413 nobis
258 2362 388 2432 fuissent,
407 2364 537 2415 ardentes
547 2372 607 2416 tum
619 2364 784 2431 eupiditate,
798 2369 859 2418 tum

50 2438 134 2494 metu,
146 2433 393 2484 tumeonscientia:
406 2433 471 2501 quid
481 2441 606 2501 agerent,
617 2429 701 2484 modo
712 2435 859 2491 timentem

50 2501 173 2553 vicissim
185 2508 394 2556 contemnentes
414 2503 580 2571 religionem
601 2497 707 2555 iudicia
726 2502 862 2615 perrupta

50 2571 83 2623 ali
93 2572 210 2636 iisdem3
221 2580 354 2640 corrupta
364 2573 516 2635 hominum,
534 2589 589 2625 non
600 2572 734 2624 Deorum.
752 2565 797 2647 ¹¹⁴¹:
834 2579 861 2616 e·

49 2641 171 2707 primam
180 2643 252 2708 iam,
273 2649 302 2694 et
313 2659 365 2693 non
377 2644 507 2712 insequar
521 2642 648 2708 longius,
661 2651 749 2703 eoque
759 2646 862 2692 minus,

49 2726 103 2778 ‘1¹¹⁰
120 2712 187 2779 P¹¹¹⁸
205 2727 359 2779 P⁰0narum
378 2712 478 2778 liabeo,
499 2726 584 2780 quam
604 2704 717 2776 petiti.¹
738 2703 862 2755 Tantum
