2084 3025
179 77 216 131 m
311 73 602 138 *uersurum
619 72 801 129 osonum
899 51 903 58 ‘

181 177 287 232 ammai
297 179 462 231 nommetur.
482 178 557 240 Quid
567 184 660 231 eutem
669 178 788 230 interius
797 177 907 231 montet
923 177 994 230 (lirul
1035 175 1036 250 i

181 255 265 315 gutur
284 247 372 314 igitur
391 263 507 314 eorpore
528 254 652 300 externo.
687 248 731 299 27.
750 247 832 309 Quod
853 246 992 315 quonium
1035 257 1036 266 ¹

182 332 238 368 uon
247 315 354 382 placet,
369 324 470 383 operto
477 316 649 385 simplexque
659 332 747 378 mens,
762 318 840 368 nullo
848 332 880 369 re
887 316 994 374 adiun-
1035 349 1036 362 t

90 415 96 422 ›
183 392 239 447 eta,
253 401 308 451 qun
318 388 425 439 sentire
435 387 534 453 possit,
549 385 646 455 fugere
657 388 863 455 intelligentiae
872 393 995 453 nostrae
1035 385 1036 420 ἶ

184 456 240 506 rim
259 460 290 506 et
303 455 446 507 notionem
469 456 587 508 videtur.
607 481 613 510 ς
623 458 801 508 Crotoniates
818 462 911 508 nutem
925 454 993 509 Alo·
1035 477 1036 480 ¹

183 538 277 588 maeo,
289 524 338 590 qui
348 524 403 574 soii
413 531 442 576 et
452 524 534 577 lunae
543 526 714 593 reliquisque
724 527 873 587 sideribus,
881 526 994 580 unimo-
1030 567 1032 572 .

184 608 237 661 que
258 598 405 658 praeterea
425 594 602 647 divinitatem
625 595 715 659 dedit,
734 611 790 656 non
807 595 907 657 sensit,
926 610 994 654 sese

183 661 352 714 mortalibus
370 664 453 715 rebus
473 664 717 717 immortalitatem
736 665 811 718 dure.
847 664 918 716 Nam
934 663 995 731 Py·
1035 704 1036 719 2

184 730 332 799 diagoras,
352 733 399 799 qui
410 735 526 797 censuit,
545 736 668 785 animum
679 750 740 786 esse
751 749 801 801 per
811 741 938 786 naturam
947 748 996 790 re,-

184 816 246 853 rum
256 816 367 854 omnem
375 802 512 854 intentum
524 810 552 855 et
564 811 780 867 commeantem,
789 820 824 855 ex
835 818 888 870 quo
900 805 995 855 nostri

185 871 478 939 minuemperentor„
494 873 646 936 nonvidit,
667 874 848 926 distractione
858 871 995 928 noniano,
1033 891 1037 944 r

183 954 247 990 rum
263 941 418 992 animorum
432 943 553 1007 discerpi
564 950 593 994 et
607 943 727 996 lacerari
741 943 845 994 Deumz
865 949 894 993 et
906 957 994 1008 quum

184 1010 282 1062 miseri
292 1012 379 1061 animi
389 1017 491 1074 esseut,
502 1012 575 1079 quod
585 1012 726 1079 plerisque
736 1012 919 1079 contingeret,
930 1018 995 1062 tum

184 1078 242 1131 Dei
250 1087 359 1146 partem
370 1096 430 1132 esse
440 1081 583 1132 miseram:
596 1082 670 1149 quod
681 1082 744 1133 fieri
754 1096 809 1132 non
819 1086 921 1148 potest.
944 1079 994 1133 28.

186 1150 242 1200 Cur
252 1155 345 1201 eutem
357 1150 506 1217 quidquam
525 1152 672 1218 ignoraret
686 1153 795 1202 animus
809 1150 943 1213 hominis,
964 1150 996 1201 si

186 1213 363 1271 'ossetDeusi
381 1219 527 1281 Quomodo
539 1235 624 1287 porro
635 1220 712 1276 Deus
722 1223 786 1284 iste,
800 1221 829 1271 si>
835 1218 905 1271 nihil
915 1225 996 1270 esset

184 1288 242 1340 uisi
251 1289 372 1350 enimus,
393 1296 442 1339 out
452 1290 556 1341 infixus
566 1296 615 1340 eut
626 1288 735 1344 infusus
746 1296 821 1342 esset
829 1290 861 1342 in
869 1286 995 1343 munior

185 1358 259 1410 Tum
268 1356 465 1424 Xenophanes,
485 1360 533 1426 qui
547 1366 639 1412 mente
654 1360 795 1422 adiuncta,
813 1373 893 1411 omne
911 1355 995 1423 pree·
1035 1399 1036 1402 η

184 1433 272 1489 terea,
282 1427 357 1494 quod
366 1428 597 1491 essetintinitum,
604 1428 696 1480 Deum
706 1431 796 1482 voluit
805 1444 873 1489 esse,
883 1427 917 1479 de
927 1426 995 1493 ipsa

183 1503 277 1551 ruente
288 1497 357 1551 item
367 1496 588 1580 reprehenditur,
598 1504 630 1549 ut
641 1501 740 1552 eeteriz
752 1499 785 1553 de
795 1498 934 1550 infinitate
943 1512 995 1550 au-

183 1574 243 1620 tem
254 1565 457 1631 vehementius,
478 1569 508 1620 in
519 1585 574 1638 qua
583 1567 656 1619 nihil
671 1586 759 1637 neque
768 1569 890 1623 sentiens
901 1582 995 1634 neque

185 1637 364 1689 coniunctum
375 1643 549 1704 potestesse.
578 1640 651 1692 Num
660 1638 839 1691 Parmenides
851 1650 993 1690 commen·

118 1721 124 1733 ·
183 1706 280 1758 titium
296 1708 427 1774 quiddam
443 1723 564 1761 coronae
583 1708 789 1774 simil[itudin]e
809 1706 907 1765 efficit:
930 1704 994 1759 Ste-

184 1773 293 1844 phaner
304 1776 442 1843 appellat,
462 1778 649 1843 continentem
665 1773 872 1827 ardoremlucis
882 1773 993 1838 orbem,

185 1846 234 1912 qui
244 1845 333 1914 cingit
343 1845 462 1909 caelum3
478 1860 561 1910 quem
571 1845 694 1911 appellat
703 1843 802 1894 Deum.
836 1842 931 1908 loquo
943 1858 994 1894 ne·

186 1929 238 1982 que
249 1915 367 1985 figuram
379 1912 513 1975 divinam,
526 1930 614 1981 neque
624 1928 735 1965 sensum
745 1913 890 1980 quisquam
901 1912 992 1979 suspi·

185 1985 245 2036 (uri
265 1989 367 2050 potest.
401 1982 495 2034 Multo
514 1983 638 2035 eiusdem
659 1989 797 2047 monstra3
819 1982 920 2051 quippe
941 1982 991 2048 qui

184 2053 307 2115 bellum,
317 2053 365 2135 qui
376 2051 555 2116 discordiam,
577 2054 625 2120 qui
636 2053 824 2120 cupiditatem,
839 2058 990 2117 ceteraque

184 2123 295 2192 generis
307 2121 431 2173 eiusdem
443 2121 479 2173 ud
488 2122 579 2174 Deum
589 2129 717 2175 revocat:
739 2139 811 2191 quae
823 2121 869 2175 rel
880 2121 989 2182 morbo,

184 2193 231 2243 vel
242 2191 404 2252 somnqrel
414 2191 565 2255 oblivione,
575 2193 621 2244 rel
630 2199 770 2246 vetustate
782 2192 916 2245 delentur.
936 2189 990 2241 Eu·

138 2266 141 2275 '
185 2261 301 2327 demque
313 2260 347 2311 de
360 2261 516 2325 sideribus3
538 2278 616 2332 quoe,
632 2262 801 2331 reprehenso
814 2263 871 2313 iam
881 2260 911 2311 in
922 2259 987 2321 elio,

145 2340 147 2345 ‘
184 2329 212 2381 in
222 2329 276 2381 hoe
284 2330 458 2395 omittuntur.
476 2332 537 2385 ΧΠ.
548 2335 591 2386 29.
603 2333 786 2400 Empedocles
797 2338 889 2385 autem
898 2329 989 2381 multu

179 2399 242 2462 ulia
251 2413 377 2465 peccans,
388 2402 551 2455 inDeorum
563 2404 691 2472 opinione
702 2403 864 2470 turpissime
872 2400 988 2451 labitur.

185 2468 327 2531 Quattuor
339 2472 411 2524 enim
432 2470 560 2537 nautius,
581 2490 616 2528 ex
634 2475 731 2544 quibus
747 2473 840 2525 omnia
860 2474 988 2522 constare

129 2596 134 2607 p
185 2538 259 2601 vult,
279 2539 387 2594 divinas
399 2559 460 2605 esse
476 2550 583 2609 censet,
602 2560 670 2612 quas
680 2552 707 2598 et
719 2543 837 2595 nesciet
848 2536 988 2605 exstingui

156 2655 160 2663 .
186 2609 362 2682 perspicuum
371 2619 423 2682 est,
434 2620 464 2670 et
472 2630 556 2671 sensu
568 2617 644 2671 omni
654 2630 759 2669 carere.
779 2607 992 2665 NeeveroPro-
