2084 3025
256 130 606 191 ‘centonario
643 130 657 166 -’
703 114 712 135 “
791 132 845 193 lot

34 241 134 299 leteris
145 241 267 296 exitiosa
277 239 339 295 lore
351 241 510 305 crediderit,
532 256 566 293 aa
578 242 639 308 ipse
648 247 849 309 persequatur:

34 317 127 384 leque
140 314 214 366 enim
230 313 259 364 ln
270 328 348 380 spem
357 313 453 364 tenire
464 313 582 379 poterit,
602 318 651 363 aut
664 312 846 378 ignoraturos

34 400 90 438 :sse
102 384 196 446 Deos,
208 397 279 451 quae
293 384 353 450 ipse
370 388 453 449 agat,
473 396 559 448 quum
576 381 697 431 divinam
714 388 843 433 naturam

34 452 101 506 nibil
111 452 269 521 praeterire
281 452 416 504 credibile
427 452 480 513 sit,
501 450 613 502 sutilia
624 451 807 516 probaturos,
826 465 845 502 a

34 524 133 593 [uibus
146 538 201 574 non
212 523 298 574 modo
308 522 367 585 Dii,
379 521 526 574 sedetiam
539 521 599 572 sani
609 519 734 572 homines
746 519 845 572 ablior·

34 600 122 645 narrt.
134 592 211 656 Quid
223 593 296 644 enim
308 591 419 659 turpius
428 591 562 644 libidines
573 590 639 658 quid
650 590 769 642 taetrius
781 606 845 642 ara·

34 661 117 714 ritial
136 662 206 730 quid
218 662 415 715 detestabilius
426 661 610 714 crudelitate?
629 662 708 723 Quae
720 660 846 727 quamuis

34 738 60 784 in
73 729 237 784 hominibus
249 731 401 801 aliquando
414 733 560 795 exsistant,
570 738 663 782 tamen
676 730 712 782 sb
725 729 847 783 bominis

34 807 135 853 natura
144 809 204 853 tam
215 802 309 854 aliena
320 808 393 865 sunt,
404 817 487 870 quam
497 801 648 854 humanum
659 800 805 863 illuderit,
821 800 845 851 si

34 871 131 925 amnia
139 872 221 923 nobis
232 873 321 936 bona,
343 873 493 940 omniaque
509 871 657 925 commoda
672 876 845 939 expetamus.

34 944 124 1009 dtque
134 942 164 993 in
174 940 227 993 hoc
237 942 462 1009 comprimendae
477 949 543 994 sunt
553 943 730 1010 cupiditates,
743 939 845 1008 quibua

34 1010 176 1065 trahimur
187 1026 321 1079 persaepe
332 1012 368 1064 ad
379 1028 427 1078 ea,
448 1029 519 1081 quae
533 1014 636 1065 virtuti
651 1012 844 1063 adversantur.

34 1080 118 1144 Quod
129 1081 265 1135 facillime
277 1083 415 1149 perficiet,
437 1084 486 1152 'qui
502 1089 560 1136 tam
572 1083 690 1151 gloriosi
710 1080 846 1132 facinoris

34 1152 143 1204 exitum
154 1165 247 1203 secum
258 1152 319 1219 ipse
336 1154 449 1205 assidue
461 1155 606 1223 cogitabit.
642 1155 789 1219 'tantaque
800 1158 844 1204 est

34 1220 118 1274 huius
129 1221 310 1289 cogitationis
321 1225 456 1287 suavitas,
469 1231 511 1286 ut,
526 1223 599 1293 quod
610 1225 732 1276 libenter
744 1221 844 1273 alaeri-

34 1290 263 1358 terqueagimus‚
285 1295 370 1346 etiam
392 1295 451 1347 sine
473 1295 572 1347 labore
593 1305 772 1361 peragamus.
801 1290 844 1342 ld·

33 1375 87 1428 que
111 1360 139 1412 iu
166 1364 373 1428 praestantibus
399 1364 548 1432 laudisque
574 1363 769 1431 appetentibus
794 1359 844 1412 nu·
945 1380 946 1383 ¹
972 1342 985 1387 *v

33 1428 154 1484 minibus
175 1428 260 1484 facile
284 1433 421 1485 cernitur:
444 1449 561 1501 quorum
579 1439 662 1486 tanta
683 1448 744 1484 esse
764 1431 856 1485 sole‘t'

33 1500 81 1552 sel
100 1500 130 1553 lu
152 1500 287 1554 obeundis
309 1503 441 1570 praeliis,
464 1505 511 1557 vol
530 1504 560 1555 in
581 1502 698 1572 agendis
720 1502 856 1567 caussis,

33 1570 81 1624 vel
105 1571 134 1622 ia
160 1571 385 1625 contentionibus
411 1587 462 1640 pro
485 1574 633 1642 republica
656 1572 843 1641 suscipiendis

33 1641 186 1703 alacritas,
212 1648 348 1711 tantaque
366 1643 471 1706 virtus,
493 1650 534 1707 ut,
555 1644 630 1711 quod
651 1644 679 1695 in
701 1644 738 1695 iis
758 1643 844 1694 rebus

33 1710 152 1832 {aneoli
162 1717 213 1763 aut
222 1711 330 1764 laboris
340 1718 393 1778 est,
410 1719 458 1765 aut
470 1729 525 1765 non
535 1715 668 1776 sentiant,
681 1719 730 1765 aut
742 1727 793 1780 pro
804 1713 844 1763 ni·
897 1711 900 1714 ’

56 1780 95 1833 ilo
110 1781 221 1834 ducant.
258 1781 391 1849 Magnum
408 1783 480 1835 enim
497 1789 541 1835 est
554 1784 747 1835 contendentis
763 1788 792 1834 et
806 1781 844 1834 ad

35 1851 154 1919 gloriam
166 1851 324 1904 anhelantis
337 1852 423 1904 animi
437 1851 607 1915 fomentum,
630 1868 761 1920 magnum
772 1852 844 1903 sola·

35 1921 121 1983 tmm,
140 1936 203 1989 spes
216 1921 328 1974 futurae
339 1940 372 1975 ae
383 1924 555 1990 propinquae
566 1925 624 1975 sire
635 1923 769 1974 utilitatis
784 1922 845 1974 sinu

37 1990 152 2060 gloriae
181 1990 278 2060 Neque
294 1993 326 2044 id
335 1994 427 2044 solum
439 1994 469 2044 in
479 1994 596 2060 magnis,
607 1992 657 2045 scd
668 1993 754 2045 ctiam
764 1992 792 2043 in
804 1992 844 2043 le·

35 2060 350 2114 rioribuslaboribusae
361 2062 471 2115 studiis.
485 2063 563 2125 Quos
574 2063 647 2114 enim
658 2075 764 2124 cursus,
774 2075 844 2132 quos

36 2130 147 2182 venatio
159 2130 290 2195 delectat,
309 2148 357 2185 eos
369 2132 494 2200 quamvis
507 2133 542 2184 cle
552 2134 599 2184 ria
609 2133 699 2185 fessos
711 2147 745 2183 ac
753 2146 851 2198 paene.

38 2200 177 2253 exanimes
188 2200 292 2265 videas,
303 2216 452 2270 numquam
460 2207 557 2255 tamen
568 2204 658 2255 minus
668 2197 784 2267 alacres,
793 2200 844 2252 mi·

39 2286 142 2338 susque
153 2272 308 2324 concitatos
321 2272 536 2325 animadvertas.
568 2273 635 2335 lam,
646 2271 784 2325 honorum
799 2285 844 2322 cu·

41 2339 150 2411 piditas,
161 2341 226 2408 quid
238 2358 293 2394 non
305 2343 334 2394 in
345 2351 443 2395 nostra
454 2343 570 2394 ciuitate
580 2342 695 2405 laboris,
712 2340 776 2409 quid
787 2355 844 2393 uon
942 2403 948 2410 χ

40 2411 236 2465 sollicitudinis
262 2414 425 2483 negotiique
445 2411 573 2465 facessit!
610 2414 719 2475 Quotus
747 2417 844 2463 tames

40 2481 151 2551 quisque
162 2487 213 2543 est,
230 2482 276 2549 qui
286 2500 316 2536 se
326 2483 372 2537 rel
381 2484 478 2535 labore
490 2481 686 2549 defatigatum,
707 2482 752 2533 rel
764 2495 844 2547 {iren-

40 2551 156 2603 satiouis
166 2552 297 2606 molestia
307 2567 429 2621 curaque
445 2553 603 2605 conlectum
618 2553 721 2603 audeat
733 2548 844 2601 diecret

41 2620 95 2683 Sic,
111 2636 224 2689 quorum
237 2624 335 2676 oculos
346 2622 603 2690 virtutissplendor
614 2619 768 2687 occupavlt,
783 2618 842 2690 giu·
856 2643 858 2646 ·

40 2691 148 2764 maeque
167 2689 289 2747 studium
309 2694 420 2748 animos
441 2692 589 2758 delenim‘t,
609 2693 633 2745 ii
648 2706 700 2745 nec
716 2689 851 2743 laborent·
