2084 3025
182 134 198 158 ²
239 151 321 207 cre.
340 153 361 208 1.
398 153 485 210 cnr.
499 154 542 209 31.
558 154 657 212 msa
693 219 697 224 ,
804 155 857 214 ms

47 254 110 322 puli
119 255 279 325 repudiari:
302 260 435 311 concordi
444 261 562 329 populo,
581 268 609 313 st
621 260 715 315 omnia
724 261 859 316 referenti
898 299 901 305 -

46 326 85 377 ad
99 326 324 381 incolumitatem
342 330 586 383 etadlibertatem
605 348 695 395 suam,
714 331 787 384 nihil
798 345 861 387 essa

44 395 263 461 immutabilius,
279 398 351 449 nihil
362 400 476 452 mutius.
513 400 711 464 „Facillimam
723 408 817 453 autem
828 401 860 456 in

44 501 62 530 „
70 482 107 519 ca
116 480 149 518 rc
158 466 273 534 publica
282 483 342 520 esse
354 469 545 533 concordiam,
565 471 596 523 in
607 485 662 537 qua
671 471 744 523 idem
755 470 857 522 condu-

43 541 118 598 „cat
130 537 296 588 omnibus:“
307 552 343 589 cx
351 538 482 590 utilitatis
493 540 688 602 varietatibus,
699 555 781 606 quum
793 539 857 591 aliis

44 605 128 657 aliud
140 606 284 672 expediat,
305 607 384 659 nasci
399 608 565 661 discordias.
602 610 699 676 ltaque
718 623 800 675 quum
811 622 858 674 pa·

43 686 107 727 tres
117 690 211 726 rerum
222 676 390 742 potirentur,
401 692 550 745 numquam
562 679 721 730 constitisse
733 677 857 729 civitatis

42 751 162 800 statum.
193 744 290 798 Multo
302 745 360 800 iam
370 745 543 817 idiurcguis
552 747 655 812 mnus,
676 761 807 817 quorum,
818 750 858 820 *ul

43 814 215 880 aitEunius‚
769 847 774 852 -

102 911 135 922 -
156 912 190 923 —
210 884 308 938 nulla
325 883 457 956 [regui]
475 894 599 940 sancta
617 884 771 939 societas

100 968 162 1006 nec
179 953 270 1006 fides
291 983 325 993 -
347 963 407 1008 est.
767 1013 775 1026 ,

43 1027 144 1089 Quare
160 1038 242 1090 quum
259 1023 305 1076 lex
320 1026 357 1076 sit
372 1024 462 1077 civilis
481 1024 629 1078 societatis
638 1023 794 1086 vinculum,
813 1021 860 1074 ius

43 1099 143 1147 autcm
155 1092 226 1160 legis
235 1094 364 1160 aequale,
387 1109 442 1161 quo
452 1096 515 1147 iure
526 1096 647 1147 societas
659 1095 757 1146 civium
770 1091 857 1144 teneri

44 1164 159 1232 potest,
181 1178 264 1228 quum
278 1178 330 1230 pm·
343 1168 400 1215 noa
415 1164 452 1217 sit
468 1164 592 1217 conditio
605 1163 722 1217 civiuml
742 1162 773 1216 Si
783 1161 858 1215 cuim

45 1231 184 1302 pecunias
199 1232 313 1299 aequari
327 1248 383 1283 non
392 1234 503 1301 piacet3
521 1236 549 1285 si
555 1235 668 1302 ingenia
679 1233 799 1284 omnium
810 1245 857 1297 pa·

44 1304 91 1355 ria
106 1317 168 1353 csse
183 1317 237 1351 non
251 1307 381 1369 possunt3
402 1304 466 1355 iura
482 1310 557 1357 certe
578 1304 659 1371 paria
673 1301 776 1354 debent
796 1314 858 1352 csso

44 1387 147 1426 eorum
164 1371 237 1422 inter
251 1386 296 1434 se,
316 1371 364 1439 qui
378 1379 445 1426 suut
460 1373 534 1425 cives
546 1374 574 1424 in
585 1372 682 1424 eadem
692 1386 722 1422 re
734 1369 856 1438 publicu.

44 1441 125 1507 Quid
136 1446 179 1492 cst
190 1441 263 1493 euim
274 1441 382 1506 civitas,
393 1442 448 1493 nisi
457 1442 528 1495 iuris
538 1439 677 1495 societati
692 1442 706 1471 ¹'
715 1440 729 1469 *
739 1442 753 1469 *

184 1542 190 1552 “
245 1547 446 1608 (Desidersutut
455 1550 563 1615 paginae
574 1542 666 1611 duae.)

102 1645 231 1698 xxxin.
243 1649 357 1700 Ceteras
367 1664 435 1702 vero
444 1664 490 1701 res
500 1648 627 1716 publicas
633 1665 668 1703 ne
676 1647 857 1718 appellandas

42 1717 163 1788 quidem
179 1723 278 1783 putant
292 1718 327 1770 iis
342 1719 513 1782 nominibus,
537 1719 636 1786 quibus
649 1720 717 1772 illae
731 1735 795 1771 sese
811 1733 859 1786 ap·

42 1786 153 1856 pellari
177 1786 274 1839 velint.
312 1787 367 1838 Gur
392 1789 466 1840 euim
490 1789 597 1856 Regem
620 1790 765 1857 appellem
782 1789 857 1840 lovis

41 1855 151 1926 optimi
161 1857 272 1908 nomine
282 1853 422 1911 hominem
434 1857 595 1910 dominandi
606 1860 735 1926 cupidum
747 1865 796 1911 aut
806 1859 858 1910 im·

39 1924 123 1997 perii
133 1924 297 1992 singularis,
317 1927 422 1993 populo
433 1943 566 1994 oppresso
580 1928 782 1995 dominantem,
801 1943 859 1981 nou

39 2008 201 2066 tyranuum
212 1995 322 2063 potiusi
341 1998 488 2048 tamenim
504 2012 566 2048 esse
582 1997 702 2050 clemens
711 2004 858 2064 mannus,

40 2079 134 2135 quam
157 2063 217 2115 Rex
236 2065 410 2130 importunus
429 2072 538 2132 potest3
562 2072 594 2116 ut
615 2066 668 2119 hoc
689 2066 857 2134 populorum

38 2133 179 2194 intersit,
198 2140 291 2185 utrum
313 2135 386 2185 comi
402 2134 531 2199 domino,
553 2151 589 2188 an
607 2152 705 2205 aspero
720 2136 858 2199 serviunt3

39 2205 119 2276 quin
131 2203 264 2264 serviant,
275 2203 305 2255 id
315 2203 425 2270 quidem
437 2205 498 2256 lieri
507 2220 562 2267 npn
573 2213 673 2271 potest.
690 2207 750 2268 Quo
761 2211 857 2257 autem
921 2224 926 2227 ·
1025 2228 1027 2233 ’

39 2263 135 2329 modo
148 2273 261 2339 assequi
280 2278 393 2338 poterat
404 2272 596 2325 Lacedaemon
611 2274 664 2325 illa
679 2281 751 2335 tum,
772 2288 858 2338 quum
922 2290 930 2310 ⁵

38 2347 196 2415 praestare
212 2343 364 2407 putabatur
382 2340 531 2409 disciplina
541 2343 584 2394 rei
599 2342 741 2408 publicus,
760 2348 792 2392 ut
807 2343 859 2394 bo·

37 2416 89 2468 nis
114 2415 242 2462 uteretur
260 2411 397 2476 iustisque
412 2411 548 2478 Regibus,
568 2425 650 2476 quum
666 2414 741 2462 esset
756 2408 857 2463 habeu-

37 2480 102 2538 dus
113 2480 188 2543 Rex,
196 2478 369 2546 ,quicumque
379 2495 481 2546 genere
493 2480 572 2545 regio
583 2485 665 2530 natus
675 2477 771 2530 esseti-
784 2477 857 2530 Nam

6 2560 8 2564 ’
38 2550 204 2622 optimates
219 2550 329 2617 quidem
352 2549 413 2615 quis
434 2547 521 2610 ferat,
542 2547 588 2614 qui
607 2563 662 2598 nou
677 2547 774 2617 populi
793 2563 858 2599 con·
888 2558 895 2565 ‘

36 2635 145 2681 nescu,
172 2619 227 2677 scd,
249 2619 307 2669 suis
333 2616 455 2669 comitiis
476 2615 531 2670 hoc
549 2617 603 2667 sibi
623 2632 725 2668 nomen
745 2632 856 2685 arroga-

36 2687 188 2812 roz-:unm⁰
203 2688 284 2810 „gui
300 2687 374 2740 euim
389 2687 531 2769 iudicatur
543 2686 600 2739 istc
615 2687 739 2808 olptimus
754 2686 845 2742 doctri
867 2720 870 2727 ,
896 2675 903 2683 ’

112 2773 150 2811 tc.
190 2775 214 2811 c.
254 2767 277 2812 .“
