2084 3025
211 159 248 212 bo
484 158 597 211 cA'ro
615 156 748 211 rinion

213 262 344 324 animum,
361 265 508 329 tamqnam
518 262 644 315 emeritis
654 260 800 329 stipendiis
809 258 941 322 libidinis,
952 271 1002 311 sm-

213 331 342 394 hittonis,
363 332 565 394 contentionis,
591 333 812 394 inimicitiarum,
833 331 1000 399 cupiditatum

215 402 347 464 omnium,
368 417 461 452 secum
473 419 542 464 esse,
565 417 720 469 secumque,
741 408 773 452 ut
784 402 892 464 dicitur,
909 402 1003 452 trivere.

214 472 244 524 Si
261 486 327 523 vero
342 469 427 522 habet
441 470 558 539 aliquod
574 478 716 538 tamquam
731 472 862 537 pabulum
878 470 959 522 studii
971 474 1004 518 nt·

161 547 164 551 ’
214 557 266 609 que
279 540 436 603 doctrinae,
456 541 527 592 nibil
538 548 584 592 est
598 542 693 594 otiosa
707 538 1004 594 senectuteiucundius

215 610 290 665 Mori
298 625 389 677 paene
399 610 561 662 videbamus
572 611 602 662 in
612 609 706 662 studio
718 610 887 663 dimetiuudi
896 608 963 662 caeti
969 612 1005 657 at·

215 695 268 749 que
280 687 373 731 terrae
385 681 414 732 C.
427 680 548 742 Gallum,
555 722 560 729 .,
567 679 734 731 familiarem
747 681 835 746 patris
845 681 897 742 tui,
913 677 1004 744 Scipio.

177 808 179 815 Α
214 750 331 814 Quoties
340 750 425 799 illum
438 750 502 812 lux,
521 756 605 801 noctu
622 749 727 816 aliquid
742 750 900 802 describere
908 749 1006 814 ingres·

214 835 290 881 sum,
311 819 420 886 quoties
438 821 655 886 nox—oppressit,
677 814 762 886 quum
773 834 854 875 mune
867 813 1005 884 coepisset!

215 887 304 951 Quam
326 888 484 943 delectabat
506 903 583 951 cum,
606 888 776 941 defectiones
796 889 867 940 solis
888 894 918 940 et
936 886 1006 937 lunae

214 957 304 1009 multo
316 958 396 1011 nobis
409 965 474 1009 ante
484 957 656 1025 praedicere!
685 957 728 1009 50.
741 958 814 1019 Quid
826 959 856 1008 in
868 955 1006 1010 levioribus

214 1027 324 1089 studiis,
334 1027 383 1077 sed
396 1034 488 1079 tamen
499 1027 607 1085 acutisl
628 1029 716 1091 Quam
729 1028 871 1095 gaudebat
881 1027 953 1079 bello
966 1035 1006 1075 suo

214 1096 317 1148 Punico
338 1094 474 1148 Naevius!
495 1113 576 1164 quam
593 1097 765 1148 Truculento
784 1097 918 1150 Plautus!
938 1106 1007 1163 quam

174 1217 177 1223 ,
213 1164 366 1216 Pseudolo!
388 1164 455 1216 Vidi
470 1168 553 1218 etiam
569 1182 661 1217 senem
672 1166 793 1219 Livium:
816 1169 867 1235 qui
879 1180 959 1235 quum
969 1175 1007 1215 sex

214 1234 293 1285 annis
306 1241 379 1296 ante,
400 1234 482 1301 quum
494 1251 546 1303 ego
558 1242 640 1296 uatus
650 1252 722 1299 sum,
732 1235 859 1289 lastiniam
872 1237 1007 1290 nominet
1031 1284 1032 1291 ,

214 1305 338 1355 Centone
352 1306 549 1372 Tuditanoque
564 1306 744 1369 Consulibus,
764 1323 852 1374 usque
872 1308 909 1358 nd
931 1302 1008 1356 adole·

214 1374 349 1426 scentiam
360 1389 450 1426 meam
463 1376 600 1442 processit
611 1381 714 1428 aetate.
744 1377 817 1439 Quid
829 1377 865 1429 de
877 1377 907 1428 P.
918 1370 1006 1427 Licinii

215 1443 308 1494 Crassi
320 1449 348 1494 et
353 1443 494 1510 pontificii
505 1451 534 1496 et
546 1440 717 1496 civilis'inris
728 1440 953 1515 stu'dioloquari
971 1445 1007 1492 aui

214 1511 250 1565 de
262 1510 341 1564 buius
351 1514 381 1565 P.
394 1512 541 1584 Scipionis,
562 1515 608 1582 qui
620 1515 882 1583 hispaucisslic‘bus
891 1511 1007 1567 Pontifex

213 1584 352 1636 unimus
360 1581 454 1636 <fuctus
465 1585 527 1637 esti
547 1585 631 1651 Atqui
643 1602 691 1637 eos
702 1601 804 1647 omncs,
821 1602 893 1653 quos
906 1595 1007 1636 comme·
1030 1641 1031 1644 Ἴ

215 1653 330 1715 moravi,
341 1651 385 1704 his
396 1654 499 1705 studiis
509 1653 661 1722 flagrantes
672 1671 751 1707 senes
760 1655 893 1707 uidimus.
910 1655 1007 1705 Macro
1030 1645 1031 1680 l

215 1720 381 1788 cethegum,
404 1739 485 1790 quem
499 1731 577 1776 recte
594 1723 703 1776 Suadere
722 1726 867 1784 tnedullom
879 1725 953 1775 dixit
965 1721 1007 1771 un·

214 1792 289 1852 nius,
311 1799 414 1857 quanto
429 1791 523 1844 studio
540 1794 662 1845 exerceri
679 1795 707 1844 in
717 1793 836 1859 dicendo
848 1794 1007 1847 videbamus

214 1859 300 1912 etiam
314 1861 418 1912 senem!
438 1864 517 1925 Quae
532 1869 597 1917 sunt
616 1862 703 1930 igitur
722 1863 932 1930 epulorum-aut
944 1858 1008 1913 ludo·
1028 1913 1030 1932 Ι

215 1943 276 1978 rum
293 1936 343 1979 aut
357 1927 514 1983 scortorum
530 1932 819 2000 roluptatescumbis
829 1930 1008 2000 voluptatibus
1029 1943 1030 1950 ¹

214 1998 433 2063 comparandaei
453 2003 543 2068 Atque
559 1999 628 2054 baec
639 2001 857 2069 quidem-studia
868 2003 1005 2068 doctrinar.
1029 1995 1030 2062 ζ

215 2068 294 2129 Quae
312 2068 424 2134 quidem
440 2069 621 2135 prudentibus
638 2079 666 2124 et
676 2073 752 2124 ‘bone
767 2074 908 2126 institutis
918 2069 1009 2139 pariter
1029 2077 1030 2124 f

215 2150 277 2187 cum
292 2142 387 2190 aetate
403 2146 542 2191 crescunt:
565 2139 757 2192 othonostum
769 2141 845 2193 illud
854 2141 964 2193 Solonis
972 2136 1008 2194 sit,
1029 2145 1030 2224 p

216 2204 291 2273 quod
306 2207 347 2257 ait
359 2208 499 2260 versiculo
515 2209 649 2277 quodam,
671 2216 703 2261 ut
714 2214 778 2263 ante
794 2211 867 2272 dixi,
887 2220 1008 2263 senescere

214 2291 256 2336 ae,
278 2279 365 2327 multa
380 2277 467 2329 indies
483 2279 684 2333 addiscentem:
706 2295 761 2346 qua
776 2280 824 2331 rol
862 2288 922 2333 tate
938 2273 1008 2330 ouini

156 2363 158 2366 ·
215 2343 294 2396 nulla
303 2351 379 2397 certe
390 2353 484 2413 potest
495 2364 556 2400 esse
567 2349 666 2402 maior.
700 2347 762 2401 XV.
777 2347 824 2402 51.
873 2350 1008 2402 enionunc

216 2412 252 2465 sd
263 2414 422 2481 voluptates
433 2418 630 2483 agricolarum,
645 2418 742 2486 quibus
754 2434 806 2487 ego
819 2415 1010 2471 incredibiliter
1028 2419 1029 2476 q

216 2481 355 2535 delector:
378 2501 447 2553 quae
466 2504 518 2539 nec
537 2489 597 2541 ulla
615 2488 805 2556 impediuntur
816 2493 970 2547 senectute,
988 2487 1010 2532 ti

206 2550 282 2601 mibi
298 2553 334 2604 ad
349 2555 482 2620 sapientis
497 2557 585 2608 vitam
598 2559 724 2624 proxime
738 2558 867 2611 videntur
878 2553 1010 2609 secedere·

216 2618 330 2673 Habent
351 2625 423 2675 enim
439 2626 578 2678 rationem
600 2644 662 2682 cum
677 2628 766 2690 terra,
786 2643 856 2695 quoe
869 2632 1008 2691 numquam

216 2697 329 2742 recusat
349 2692 508 2760 imperium,
532 2711 583 2750 nee
597 2712 729 2766 umquam
744 2698 804 2751 sine
817 2707 902 2754 turra
916 2689 1008 2752 tuot

860 2979 899 2996 ..1...
