2084 3025
153 101 159 128 i

207 126 263 182 sno
473 121 533 173 or
555 121 737 184 orrrcus
833 178 838 186 ,

208 226 346 298 potuitatc
356 224 495 293 possimus
505 224 725 290 nobismetipsis,
745 240 797 276 nec
810 224 838 275 in
847 224 906 276 ullo
917 222 1014 276 officio

210 293 377 350 claudicare.
412 290 472 346 120.
494 294 536 344 Ad
546 293 617 344 banc
627 300 719 345 autem
730 295 868 345 rationem
880 294 1015 358 quoniam

210 366 359 418 maximam
376 363 432 412 rim
454 369 554 412 natura
578 360 676 423 habet,
707 361 827 420 fortuna
842 362 1014 426 proximam:

210 434 354 500 utriusque
365 431 475 482 omnino
486 428 614 482 habenda
624 431 697 481 ratio
708 438 750 481 cst
765 432 795 480 iu
804 431 953 497 deligendo
964 445 1016 496 gc·

211 518 276 553 nere
291 502 378 562 ritae,
399 500 448 551 scd
465 506 581 549 naturae
596 499 694 564 magis.
729 498 821 562 Multo
838 501 909 550 enim
928 506 957 563 et
969 502 1016 550 lir-

134 625 138 634 ,
210 572 283 622 mior
301 576 347 622 est
368 574 396 621 et
415 569 599 619 constantior:
620 574 651 617 ut
669 566 787 619 fortuna
807 583 1017 634 nonnumquam

210 641 279 707 ipsa,
299 636 427 689 mortalis
437 653 496 688 cum
509 637 661 703 immortali
672 644 773 688 natura
784 643 908 703 pugnare
918 636 1016 689 videa·

210 715 265 761 tur.
302 708 357 769 Qui
370 707 457 773 igitur
474 706 509 757 ed
527 711 642 756 naturae
651 721 720 757 suae
731 721 785 756 non
795 707 915 758 vitiosae
925 721 1016 772 genus

211 777 357 830 consilium
368 775 488 836 uiuendi
509 790 588 825 omue
605 774 765 836 contulerit,
781 776 809 825 ,is
826 776 1016 825 constantiam

211 853 314 899 teneat.
350 845 382 895 ld
394 845 465 896 enim
477 844 595 916 marimo
607 843 699 895 decet:
714 844 768 894 nisi
778 844 850 895 forte
862 843 1016 896 seintcllc·

211 916 283 969 xerit
294 930 399 966 errasse
408 914 438 963 in
449 912 596 979 deligendo
608 927 707 978 genere
718 915 802 963 ritae,
837 912 921 973 Quod
932 912 958 962 si
969 927 1015 964 ac·

212 985 439 1048 ciderit(potest
447 988 543 1033 autem
554 982 695 1043 accidere)
712 981 840 1034 facienda
854 997 963 1032 morum
974 981 1015 1031 iu·

211 1055 426 1115 stitutorumquc
446 1052 566 1102 mutatio
587 1058 638 1102 est.
670 1051 744 1103 Eam
764 1050 964 1111 mutationem,
989 1049 1015 1100 si

213 1129 338 1187 tempora
353 1119 536 1180 adiuvabant,
556 1118 668 1171 facilius
685 1118 910 1185 commodiusque
922 1118 1015 1170 iacie-

211 1206 285 1242 mus:
297 1190 339 1239 sin
351 1191 447 1251 minus,
459 1189 560 1239 sensim
572 1189 859 1254 eritpedetentimque
869 1187 1013 1238 faciunda:

211 1265 243 1310 ut
255 1258 400 1318 amicitias,
411 1273 481 1324 quae
492 1258 579 1308 minus
591 1258 736 1318 delectent,
754 1264 782 1308 et
792 1258 883 1307 minus
891 1253 1013 1322 proben-

211 1336 264 1390 tur,
280 1328 367 1395 magis
379 1326 476 1379 decere
488 1327 750 1392 censent-sapientes
761 1327 863 1378 sensim
876 1327 1012 1383 dissuere,

213 1413 293 1466 quam
310 1402 422 1462 repente
441 1397 609 1461 praecidere.
645 1392 704 1447 121.
724 1397 900 1447 Commutato
915 1400 1011 1451 autem

178 1489 183 1496 ·
211 1483 312 1537 genere
322 1467 403 1528 vitae,
414 1467 491 1516 omni
501 1467 611 1517 ratlane
623 1464 771 1519 curandum
784 1471 834 1528 est,
855 1469 886 1516 ut
896 1464 926 1515 id
936 1464 1010 1515 bono

213 1538 328 1599 consilio
340 1535 439 1587 sedisse
451 1532 602 1588 rideamur‘.
629 1535 686 1587 Sed
698 1535 824 1601 quoniam
836 1534 933 1600 paullo
945 1540 1011 1584 ante

212 1605 386 1666 dictumest,
407 1604 558 1654 imitandos
577 1621 637 1656 esse
652 1605 784 1654 maiores:
823 1605 923 1654 rimunr
937 1600 1011 1654 illud

212 1680 355 1741 exceptum
366 1674 416 1735 sit,
437 1674 615 1725 neritiasint
625 1672 773 1724 imitanda:
795 1617 908 1736 deinde,
928 1672 953 1723 si
964 1688 1010 1723 na·

212 1751 274 1795 tura
285 1759 338 1793 non
350 1742 430 1803 feret,
441 1748 472 1792 ut
482 1743 615 1809 quaedam
626 1743 733 1793 imitari
743 1741 880 1809 possi[n]t‚
889 1747 921 1791 ut
930 1755 1010 1807 supe·

210 1813 293 1864 rioris
304 1811 425 1863 Africani
437 1812 522 1872 lilius,
541 1812 586 1881 qui
597 1810 669 1862 hunc
679 1810 776 1861 Paullo
788 1818 883 1862 uatum
893 1811 1009 1876 adopta·

210 1882 265 1942 vit,
284 1887 396 1946 propter
404 1881 595 1932 infirmitatem
607 1879 773 1940 ualetudinis
783 1896 837 1930 non
848 1886 905 1930 tam
916 1879 1009 1944 potuit

114 1964 122 1971 “
210 1951 298 2016 patris
314 1949 414 2000 similis
429 1965 503 2009 esse,
526 1965 605 2015 quam
622 1950 672 2001 ille
683 1948 840 2000 iueratsui.
877 1947 909 1999 Si
922 1949 1010 2015 igitur

211 2031 266 2069 non
285 2019 389 2083 poterit
409 2019 465 2069 sive
480 2033 590 2069 caussas
602 2018 783 2080 defensitare,
803 2019 862 2069 sive
875 2018 1008 2084 populum

212 2087 389 2137 concionibus
409 2093 516 2150 tenere,
538 2088 596 2139 sire
616 2087 691 2138 bella
710 2102 822 2154 gerere:
843 2086 896 2138 illa
917 2094 1008 2138 tamen

209 2162 353 2221 praestare
366 2155 483 2217 debebit,
503 2172 572 2222 quae
582 2162 662 2207 erunt
671 2156 698 2205 in
709 2157 797 2222 ipsius
806 2163 958 2222 potestate,
969 2155 998 2206 iu

211 2223 326 2286 sfitiam,
343 2223 432 2285 fldem,
450 2225 655 2288 liberalitatem,
667 2225 841 2288 modestiam,
855 2231 1009 2291 temperan-

151 2322 152 2325 =
210 2290 294 2356 tiam,
316 2307 368 2358 quo
384 2293 473 2343 minus
487 2294 521 2344 ab
538 2310 571 2345 eo
588 2294 633 2355 id,
655 2294 823 2359 quoddesit,
842 2295 1009 2361 requiratur.

211 2361 322 2428 Optima
342 2366 431 2410 autem
443 2358 588 2429 hereditas
603 2378 620 2412 a
628 2363 755 2428 patribus
771 2362 894 2413 traditur
903 2362 1009 2424 liberis,

211 2431 339 2495 omnique
350 2429 516 2494 patrimonio
525 2428 722 2499 praestantior,
744 2432 834 2498 gloria
844 2432 957 2483 virtutis
968 2445 1010 2482 re-

206 2510 322 2564 rumque
338 2503 489 2562 gestarum:
512 2501 557 2551 cui
577 2500 708 2553 dedecori
722 2516 796 2563 esse,
815 2500 897 2552 nefas
915 2507 943 2552 et
958 2502 1010 2552 im·

205 2566 282 2632 plum
294 2565 465 2619 iudicandum
470 2573 528 2618 nest.

257 2631 383 2686 XXXlV.
403 2630 461 2688 122.
480 2635 517 2687 Et
532 2640 662 2705 quoniam
677 2637 769 2691 officia
779 2653 833 2690 non
844 2638 945 2692 eadem
955 2606 1015 2717 die!
