2084 3025
182 87 219 141 ra
314 85 606 150 *uersurum
623 84 804 139 nuonmu
903 63 906 70 ’

180 188 291 242 animal
300 189 465 242 nominetur.
485 189 560 251 auid
571 196 663 241 autem
673 190 791 241 interius
801 188 910 242 mantel
927 188 996 241 Cin-¹

184 266 268 327 gatar
287 259 375 325 igitur
394 273 511 325 corpore
531 266 656 311 externo.
690 259 734 310 27.
754 258 836 320 Quod
857 257 993 326 quoniam

185 343 241 380 uon
251 327 358 393 placet,
373 335 471 395 aperta
481 328 652 396 simplexque
663 343 750 389 mens,
765 329 844 379 nulla
851 342 884 381 re
891 327 995 386 adiun-

95 427 99 430 -
187 403 242 459 cta,
256 411 311 463 qua
321 399 429 450 sentire
438 398 537 464 possit,
553 397 650 466 fogere
661 398 867 466 intelligentiae
876 402 996 464 nostrae

187 467 243 517 rim
263 472 293 518 et
307 465 449 518 notionem
472 466 591 519 ridetur.
610 469 804 522 [Crotoniates
820 472 914 519 autem
928 465 994 520 Alc-

186 550 280 599 maeo,
293 535 341 602 qui
351 536 406 586 soli
416 543 445 587 et
455 535 538 588 lunae
547 537 717 604 reliquisque
727 537 876 599 sideribus,
885 536 995 590 animo·

188 620 240 674 que
261 610 409 670 praeterea
428 605 605 658 divinitatem
628 606 719 668 dedit,
737 622 793 658 non
811 606 910 669 sensit,
929 621 995 666 sese

186 673 354 727 mortalibus
373 675 456 726 rebus
476 675 720 727 immortalitatem
739 676 815 730 dare.
850 675 922 727 Nam
937 675 996 743 Py-

188 742 336 811 thagoras,
355 746 402 810 qui
413 746 529 807 censuit,
549 746 671 795 animum
683 761 744 798 esse
755 760 804 812 per
813 751 941 798 naturam
950 760 997 797 re·

188 828 250 865 rum
260 828 370 865 omnem
379 813 514 865 intentum
527 820 556 865 et
568 821 783 878 commeantem,
793 831 828 867 ex
839 829 891 881 quo
903 816 996 867 nostri

189 883 277 935 animi
287 889 479 949 carperentur,
498 899 556 933 non
564 883 650 946 vidit,
670 884 851 936 distractione
861 882 997 938 hunuano·

187 966 251 1003 rum
266 952 421 1003 animorum
435 952 557 1019 discerpi
568 961 596 1005 et
612 954 731 1007 lacerari
744 954 848 1006 Deum:
868 959 898 1004 et
909 967 996 1019 quum

187 1021 285 1074 miseri
294 1021 382 1073 animi
392 1027 494 1085 essent,
505 1023 579 1089 quod
589 1023 729 1090 plerisque
739 1023 922 1091 contingeret,
932 1029 997 1073 tum

188 1090 244 1143 Dei
253 1098 361 1158 partem
373 1106 433 1143 csse
444 1091 587 1144 miseram:
600 1094 675 1160 quod
685 1093 747 1145 lieri
757 1109 813 1144 non
822 1097 925 1160 potest.
947 1090 996 1144 28.

189 1162 245 1234 ¹Cur
255 1167 349 1212 autem
361 1161 509 1228 quidquam
529 1164 675 1230 ignoraret
689 1165 798 1214 animus
812 1161 946 1225 hominis,
967 1161 997 1212 si

189 1229 367 1282 assensuri
385 1231 531 1292 Quomodo
543 1248 628 1299 perro
639 1233 715 1287 Deus
725 1235 791 1295 iste,
804 1232 829 1283 sl
838 1230 909 1282 nihil
918 1236 998 1281 esset

188 1298 245 1352 nisi
254 1300 376 1361 animus,
396 1306 446 1351 aut
456 1300 559 1353 infixus
570 1308 619 1352 aut
629 1300 738 1355 infusus
750 1307 824 1352 esset
832 1300 863 1349 in
873 1296 997 1368 mundol

188 1369 263 1421 Tum
271 1368 469 1436 Xenophanes,
488 1372 537 1438 qui
550 1378 644 1423 mente
657 1369 797 1430 adiuncta,
815 1382 896 1419 omne
914 1383 998 1435 prae-

187 1445 276 1501 terea,
286 1438 360 1505 quod
370 1440 601 1502 essetiniinitum,
608 1440 699 1489 Deum
709 1438 799 1487 voluit
807 1452 876 1496 esse,
886 1437 919 1489 dc
929 1438 998 1503 ipsa

187 1516 280 1561 mente
292 1509 361 1563 item
370 1507 591 1576 reprehenditur,
601 1514 633 1558 ut
643 1507 742 1558 ceteri:
754 1506 788 1559 de
798 1505 937 1557 infinitate
945 1523 997 1560 au·

187 1585 246 1631 tem
257 1576 460 1642 vehementius,
481 1581 511 1630 in
522 1594 577 1648 qua
586 1575 658 1627 nihil
672 1591 761 1643 neque
770 1575 892 1627 sentiens
903 1590 997 1642 neque

188 1648 367 1700 coniunctum
379 1654 552 1715 potestesse.
580 1646 653 1699 Nam
662 1644 842 1698 Parmenides
853 1658 995 1697 commen·

122 1732 128 1745 ·
187 1718 284 1769 titium
299 1718 430 1785 quiddam
445 1732 567 1770 coronae
586 1714 791 1783 simil[itudin]e
812 1714 909 1767 efficit:
933 1713 995 1769 Sto·

187 1785 297 1855 phanea
307 1788 445 1855 appellat,
464 1786 652 1837 continentem
668 1785 796 1836 ardorem
805 1783 875 1836 lucis
886 1784 993 1847 orbem,

189 1857 237 1924 qui
248 1856 335 1926 cingit
346 1858 465 1919 caelum3
481 1870 564 1921 quem
574 1855 697 1922 appellat
706 1854 805 1907 Deum.
840 1855 872 1907 ln
881 1869 935 1920 quo
946 1868 994 1904 ne·

189 1940 242 1994 que
252 1927 371 1995 liguram
383 1925 515 1986 divinam,
530 1940 617 1993 neque
628 1939 738 1977 sensum
748 1925 893 1993 quisquam
903 1921 993 1990 suspi=

188 1997 248 2048 rari
268 2002 370 2063 potest.
404 1993 497 2045 Multa
517 1994 641 2046 eiusdem
662 2001 801 2059 monstra;
822 1994 923 2062 quippe
944 1992 993 2058 qui

187 2065 302 2129 bellum,
321 2066 368 2148 qui
379 2062 558 2127 discordiam,
580 2066 628 2132 qui
639 2065 827 2132 cupiditatem,
842 2069 992 2128 ceteraque

187 2136 298 2205 generis
310 2133 434 2186 eiusdem
446 2132 481 2184 ad
491 2133 582 2185 Deum
593 2142 720 2188 revocat:
742 2150 814 2202 quae
826 2132 872 2186 rel
882 2132 991 2192 morbo,

187 2205 234 2256 vel
244 2217 350 2265 somno,
360 2203 406 2254 vel
417 2202 568 2267 oblivione,
578 2205 625 2257 vel
634 2210 773 2258 vetustate
785 2203 919 2255 delentur.
939 2199 992 2251 Ea·

142 2278 145 2287 ’
188 2274 305 2340 demque
316 2272 350 2323 de
363 2272 519 2337 sideribus;
540 2290 619 2342 quae,
635 2274 804 2343 reprehensa
817 2272 913 2323 iamin
924 2269 990 2332 alio,

188 2341 216 2394 in
226 2341 279 2393 hoc
288 2342 461 2407 omittantur.
480 2344 540 2396 ΧΠ.
551 2346 594 2397 29.
606 2344 789 2412 Empedocles
800 2349 892 2394 autem
902 2340 991 2391 multa

182 2412 245 2473 alia
253 2425 380 2476 peccans,
391 2412 553 2467 inDeorurn
565 2415 694 2482 opinione
706 2413 867 2480 turpissime
877 2409 990 2462 labitur.

189 2480 328 2540 Quattuor
341 2482 415 2534 enim
434 2490 563 2548 naturas,
584 2501 618 2539 ex
637 2486 734 2553 quibus
750 2483 844 2534 omnia
862 2484 991 2533 constare

133 2608 137 2617 k
188 2548 261 2609 vult,
282 2547 390 2605 divinas
402 2570 462 2616 esse
479 2562 586 2619 censet,
605 2561 711 2622 quaset
722 2553 840 2605 nesciet
851 2546 991 2614 exstingui

158 2665 162 2673 .
188 2616 365 2689 perspicuum
374 2630 426 2693 est,
437 2631 559 2682 etsensu
570 2627 647 2681 omni
657 2639 762 2678 carere.
782 2620 915 2675 Necrero
925 2617 994 2674 Pro-
