2084 3025
301 88 381 170 iia.
399 116 420 171 1.
456 114 540 171 cnr.
560 114 627 172 1.2
728 52 751 73 ”
814 113 866 172 1⁶1

258 190 272 213 N

61 234 109 273 nm
119 218 338 284 divinationem,
358 236 439 288 quam
455 221 564 284 Graeci
573 219 704 287 μαντικήν
716 219 867 293 appellant,

4 338 5 341 ,
61 289 91 342 id
100 297 148 353 est,
158 292 391 356 praesensionem
400 297 429 344 ct
440 293 588 344 seientiam
597 305 689 359 rerum
700 291 866 345 futurarum.

62 359 214 428 Magru‘flca
224 361 336 428 quidem
348 376 401 424 res,
414 368 443 413 et
451 362 594 426 emutatis,
610 361 635 412 si
647 361 730 414 niodo
741 369 784 415 est
793 361 866 414 ulla:

62 443 166 497 quaque
187 432 316 499 proxime
339 431 376 483 ad
395 431 519 484 Deorum
540 432 598 485 rim
618 438 720 485 natura
737 431 867 484 manalis

63 502 153 570 possit
167 500 314 553 accedere.
350 502 447 568 ltaque
466 509 499 553 ut
516 502 574 554 alia
587 518 638 552 nos
653 503 752 555 melius
769 501 868 565 multa,

63 583 144 635 quam
155 570 277 633 Graeci,
299 570 341 621 sic
356 568 421 622 huic
434 571 691 639 praestantissimae
710 572 752 624 rel
766 586 867 625 nomeu

61 639 177 696 nostrin
187 638 278 700 Diris,
295 640 412 702 Graeci,
427 648 459 693 ut
469 641 553 693 Plato
564 643 781 707 interpretatur,
796 656 814 693 a
824 640 866 693 lu·

62 720 123 775 rore
134 707 284 760 duxeruut.
320 709 346 760 2.
356 709 475 763 Gentem
487 709 598 779 quidem
609 710 714 763 nullam
728 711 809 763 rideo
821 725 868 763 ne·

62 784 181 843 quetam
193 776 342 828 humanam
359 785 443 846 atque
454 780 580 843 doctam,
600 790 689 847 neque
703 787 761 831 tam
771 782 868 831 imma·

62 858 122 898 nem
131 853 249 914 tamque
263 847 426 911 barbaram,
446 864 518 918 quae
533 865 589 900 non
604 849 758 918 significari
773 848 868 902 futura

61 922 90 968 et
100 932 117 967 a
131 917 300 984 quibusdam
315 918 438 985 intelligi
453 918 631 985 praedicique
649 934 730 985 posse
746 924 866 971 censeat.

59 983 203 1054 Principio
217 987 341 1054 Assyrii,
360 994 391 1039 ut
406 990 441 1040 ab
457 988 562 1039 ultimis
578 989 774 1041 auctoritatem
790 1002 868 1055 repe·

59 1061 127 1119 tam,
141 1061 262 1123 propter
270 1057 418 1123 planitiem
429 1058 704 1126 magnitudinemque
713 1058 868 1126 regionum,

58 1140 125 1193 quas
135 1125 314 1189 incolebant,
332 1124 415 1194 quurn
426 1128 533 1179 eaelum
545 1142 579 1179 ex
594 1129 669 1179 omni
679 1136 758 1196 parte
768 1134 868 1196 patens
916 1192 918 1197 ,

59 1202 141 1262 atque
164 1202 294 1262 apertum
313 1197 499 1259 intuerentur,
519 1197 701 1253 traiectiones
720 1205 868 1265 motusque

59 1266 204 1318 stellarum
216 1267 447 1319 alternaverunt:
459 1265 558 1335 quibus
567 1269 683 1332 notatis,
713 1267 761 1320 uid
768 1268 868 1335 cuique

58 1335 280 1402 significaretur,
300 1337 453 1389 memoriae
466 1337 659 1404 prodiderunt.
695 1284 760 1402 aaa
777 1338 805 1388 in
820 1349 868 1388 na·

58 1406 135 1458 tione
144 1404 292 1468 Chaldaei,
312 1422 368 1458 non
379 1421 414 1458 ex
425 1410 502 1469 artis,
522 1407 572 1459 sed
584 1423 618 1460 cx
628 1409 720 1477 gentis
730 1405 867 1459 vocabulo

58 1476 205 1540 nominati,
224 1475 358 1528 diuturna
368 1476 562 1530 observatione
572 1478 704 1541 siderum,
720 1475 867 1530 scientiam

57 1552 193 1613 putantur
209 1545 350 1610 effecisse,
369 1553 401 1598 ut
416 1547 541 1614 praedici
554 1554 664 1615 posset,
684 1547 750 1616 quid
767 1546 867 1612 cuique

57 1622 247 1678 eventurum,
257 1622 287 1667 et
303 1633 356 1684 quo
367 1619 483 1685 quisque
499 1616 561 1668 fato
572 1624 655 1670 natus
664 1622 749 1669 esset.
785 1614 867 1666 Eam·

57 1683 119 1737 dem
130 1691 224 1736 artem
240 1687 326 1737 etiam
337 1688 470 1760 Aegyptii
484 1685 693 1754 longinquitate
708 1694 866 1751 temporum

56 1754 310 1807 innumerabilibus
325 1771 412 1822 paene
430 1757 551 1810 saeculis
566 1756 708 1808 consecuti
724 1759 865 1823 putantur.

58 1825 177 1877 vilicum
189 1830 284 1876 autem
294 1823 483 1878 etPisidarum
496 1840 564 1893 gens
575 1833 603 1876 et
613 1822 863 1878 hisllnitimaPaui-

4 1889 6 1924 ³
57 1892 162 1961 phylia,
180 1895 282 1961 quibus
293 1896 452 1947 nationibus
462 1893 632 1962 praefuimus
643 1895 705 1962 ipsi,
724 1895 865 1946 volatibus

59 1965 149 2016 avium
165 1965 364 2030 cantibusque,
384 1971 416 2016 ut
433 1964 595 2016 certissimis
606 1964 706 2034 signis,
728 1963 868 2018 declarari

58 2046 100 2085 res
109 2034 223 2086 futuras
235 2038 344 2099 putant.
380 2031 406 2086 3.
418 2033 508 2095 Quam
517 2049 585 2085 vcro
596 2034 717 2087 Graecia
729 2034 867 2086 coloniam

63 2104 180 2162 misitin
190 2102 328 2165 Aeoliam,
342 2104 459 2166 Ioniam,
473 2104 575 2167 Asiam,
590 2103 733 2169 Siciliam,
743 2104 856 2156 ltaliam

4 2207 5 2214 κ
58 2173 118 2226 sine
139 2171 247 2242 Pythio
268 2179 318 2224 aut
332 2173 487 2225 Dodonaeo
507 2180 556 2225 aut
569 2175 711 2230 amnionis
733 2141 866 2227 oraculoi

60 2250 106 2295 aut
116 2242 195 2311 quod
205 2242 312 2294 bellurn
323 2249 482 2310 susceptum
493 2245 528 2296 ab
541 2260 575 2296 ea
591 2245 651 2297 sine
663 2246 781 2297 consilio
791 2245 866 2296 Deo·

58 2326 118 2364 rum
128 2313 192 2366 esti
210 2313 245 2365 11.
258 2312 317 2372 Nec
327 2329 411 2364 unum
422 2329 509 2381 genus
518 2321 562 2366 est
571 2314 750 2367 divinationis
755 2313 865 2383 publlce

4 2419 6 2422 ·
57 2384 248 2454 privatimque
260 2383 439 2436 celebratum.
477 2384 557 2446 Nam,
572 2391 604 2436 ut
615 2387 744 2438 omittam
756 2390 864 2436 ceteros

55 2454 194 2575 ffimw
212 2459 317 2516 noster,
329 2467 410 2522 quam
420 2454 509 2514 multa
519 2469 622 2523 genera
632 2455 793 2522 complexus
805 2447 864 2502 esti
946 2517 949 2526 ,

94 2523 213 2589 'nupia
233 2521 315 2574 liuius
324 2523 402 2575 urbis
410 2539 525 2591 parens,
547 2524 691 2586 Romulus,
710 2538 764 2572 non
776 2519 866 2569 solum

57 2596 207 2660 auspicato
217 2592 322 2645 Urbem
332 2592 497 2652 condidisse,
515 2593 566 2645 sed
575 2595 636 2660 ipse
647 2594 732 2644 etlam
744 2588 867 2655 optimus

4 2695 6 2726 ὲ
21 2675 146 2753 «ωέὓῖ
161 2662 251 2716 fuisse
265 2661 405 2716 traditur.r
432 2662 541 2717 Deinde
556 2661 707 2731 auguribus
722 2664 751 2709 ct
766 2652 866 2722 reliqui
