2084 3025
290 163 592 260 '‘snuemesrs.
808 201 859 254 141

49 313 116 361 tate
127 308 473 378 comperegrino-negarit
490 325 521 364 se
532 308 638 362 iudicio
649 323 740 377 aequo
750 315 861 362 certans

48 380 153 447 posset
515 385 520 392 '

107 448 132 502 3.
153 449 213 501 Nec
228 465 261 503 se
277 450 333 502 ianr
352 455 412 500 tum
426 448 565 516 respexit,
588 462 672 517 quum
687 448 861 517 gratissimis

42 519 156 578 ,restris
168 519 287 571 decretis
298 520 397 572 absens
413 526 527 573 notatus
538 526 589 572 est.

21 643 26 660 Ι
106 588 134 639 4.
154 588 184 639 ln
196 589 306 641 iudiciis
320 597 423 657 quanta
434 590 476 639 vis
488 597 572 651 esset,
595 587 703 650 didicit,
723 603 807 656 quum
819 597 862 644 est

53 660 214 711 absolutus:
236 660 270 722 si,
292 655 576 722 autilludiudieium,
598 665 647 713 aut
658 658 710 710 illa
720 659 861 711 absolutio

50 727 223 781 nominanda
233 735 284 781 cst.

107 796 134 850 5.
146 797 290 863 ,Populum
302 812 384 860 vero,
404 814 490 865 quium
504 798 678 865 inspectante
690 799 793 866 popolo
807 799 862 850 col·

54 868 112 919 lum
130 866 354 920 secuit-bominis
372 870 491 920 maxime
502 869 659 938 populeris,
681 870 778 937 quanti
790 868 863 922 face·

52 942 109 999 ret,
125 937 256 989 ostendit

108 1007 133 1058 6.
154 1007 214 1069 Me,
232 1022 292 1073 qua
304 1006 566 1064 amentiainductus
578 1014 633 1070 cst,
648 1013 686 1059 -ut
706 1015 863 1061 contemne·

54 1083 109 1138 ret,
127 1079 299 1129 constituere
310 1093 496 1144 nonpossurn,
515 1083 607 1129 utrum
619 1081 707 1146 aequo
719 1078 813 1129 animo
825 1079 862 1130 la·
900 1099 903 1104 >

54 1154 149 1197 turum
169 1148 294 1212 putavitl
317 1163 351 1199 an
366 1148 394 1198 in
409 1162 460 1202 suo
476 1146 696 1199 familiarissimo
712 1163 765 1199 non
784 1147 864 1199 side·

55 1225 119 1335 rat,f
132 1232 176 1269 me
187 1233 222 1268 ne
232 1217 350 1268 oliorum
362 1217 473 1285 quidem
480 1218 601 1269 iniurias
612 1218 793 1271 mediocriter
802 1232 864 1284 pos·

56 1302 87 1337 sc
116 1287 193 1337 errel

105 1356 135 1405 7.
159 1356 250 1417 lllter,
269 1370 370 1423 pecore
390 1356 465 1406 omni
480 1356 595 1408 vendito
609 1364 637 1409 et
648 1358 865 1423 saltibusprope

56 1424 188 1486 addictis,
209 1432 336 1492 pastores
346 1428 457 1486 retinet,
480 1427 635 1493 exquibus,
656 1428 704 1488 ait,
720 1442 759 1488 se,
780 1442 863 1493 quum

55 1495 134 1557 velit,
146 1495 239 1555 subito
251 1495 548 1564 fugitivorumbellum
561 1498 757 1549 excitaturum.
787 1495 865 1549 Alter

55 1564 168 1615 induxit
184 1581 260 1627 eum,
281 1581 361 1633 quem
379 1567 484 1632 potnit,
504 1573 536 1617 nt
557 1574 670 1633 repente
682 1566 864 1632 gladiatores,

54 1635 159 1702 populo
172 1652 225 1686 nou
237 1635 355 1697 debitos,
370 1637 561 1702 polliceretur,
581 1652 649 1703 quos
661 1637 721 1702 ipse
732 1637 866 1687 Consula-

53 1707 95 1755 ris
108 1704 273 1756 candidatus
283 1706 433 1771 perspexit,
445 1713 474 1757 et
485 1705 564 1773 legit,
575 1714 604 1760 et
614 1709 695 1759 cnut:
718 1712 865 1773 praesento

53 1775 160 1842 populo
172 1776 297 1826 Romano
306 1774 414 1827 factum
427 1785 478 1827 est.

90 1845 134 1895 ’8.
157 1846 344 1907 Quamobrem
360 1860 461 1911 augere
479 1847 563 1898 etiam
580 1846 723 1900 mercedes
733 1846 864 1908 sirultis,

54 1916 88 1978 Q.
100 1914 224 1965 Mucium
236 1921 382 1966 conantem
394 1916 482 1981 legem
496 1917 646 1983 impedire,
668 1924 700 1968 ut
716 1917 807 1983 coepit
817 1915 864 1969 Se-

52 1991 146 2046 natus,
160 1986 294 2037 Consules
307 1982 462 2051 prohibere,
475 1987 524 2037 sed
535 2002 587 2053 ego
599 2004 632 2038 ea
643 1987 704 2054 lege
716 1994 864 2038 contentus

54 2070 127 2118 suns,
142 2055 283 2122 qua-duos
295 2054 430 2108 Consules
440 2055 667 2128 designatosuuo
679 2067 806 2124 tempore
817 2057 865 2108 da·

52 2125 146 2175 nrrrari
156 2125 285 2176 vidimus.

107 2194 135 2247 9.
156 2196 319 2257 letamen,
339 2195 373 2255 Q.
389 2193 491 2258 Muci,
501 2202 559 2248 tam
579 2198 652 2249 nrale
668 2199 702 2249 de
718 2197 863 2263 republica

53 2264 232 2327 existimare,
252 2265 371 2317 nsirlestc
383 2263 458 2328 iero,
484 2268 531 2333 qui
542 2265 672 2322 hesterno
690 2268 736 2319 die
748 2283 791 2317 me
803 2282 863 2316 esse

53 2333 170 2401 dignum
183 2334 336 2386 Consulatu
352 2336 482 2402 negabas.
519 2338 610 2399 ouidi
629 2337 749 2403 populus
764 2337 864 2386 Ruma-
914 2354 919 2371 r

52 2420 105 2454 nus
123 2405 216 2456 minus
236 2404 387 2470 diligenter
406 2406 459 2457 seit
479 2406 533 2456 sibi
551 2408 721 2458 constituere
737 2403 865 2456 defenso-

52 2489 128 2536 rem,
148 2489 230 2540 quam
248 2480 277 2524 tu
295 2474 366 2526 tibil
386 2475 454 2538 oui,
475 2490 557 2542 quum
573 2482 601 2528 te
619 2475 689 2526 forti
700 2476 733 2527 L.
746 2474 865 2526 Calenus

51 2549 204 2611 argueret,
224 2559 269 2596 me
280 2545 453 2610 potissimum
465 2545 640 2596 fortunarum
652 2551 866 2610 tuarumpotro·

53 2630 122 2664 num
141 2630 202 2665 esse
218 2614 349 2665 voluisti:
371 2620 399 2666 et
415 2610 492 2665 'cuius
507 2624 537 2666 tu
553 2616 699 2666 consilinm
709 2618 738 2665 in
750 2624 799 2665 tua
809 2620 865 2663 tur-

53 2684 175 2750 pissima
190 2700 288 2735 caussa
305 2685 449 2751 delegisti,
470 2684 543 2736 huuc
557 2684 814 2736 honestissimarum
825 2697 866 2733 rc·
943 2686 946 2689 ‘

54 2768 117 2804 rum
137 2754 311 2807 defensorem
328 2754 447 2823 populus
458 2754 600 2807 Romanus
618 2762 732 2807 auctore
747 2761 776 2805 te
787 2762 866 2820 repu-
890 2818 892 2821 v
