2084 3025
256 128 379 184 ΗΜ
415 130 497 186 ΟΑΡ.
517 128 560 186 1o.
576 129 618 186 17.
789 127 844 188 218

18 252 129 291 murus
141 242 236 288 tamen
246 240 480 290 nostrnm‘nourcn
489 237 610 289 volitare
621 243 649 290 ct
658 236 756 308 rogari
765 237 843 290 letis·

18 308 123 358 simei
143 309 234 373 Agros
248 320 315 357 vero
334 311 362 357 et
373 306 503 358 aedilicia
519 313 549 359 ct
560 308 678 373 pecudes
690 315 718 360 et
728 309 843 368 immen-

18 391 94 427 sum
112 376 226 443 argenti
240 375 349 441 pondus
364 382 448 442 atque
458 377 519 427 auri
536 377 584 444 qui
597 377 672 428 bona
682 393 733 429 nec
743 385 843 444 putare

18 462 84 497 nec
96 445 244 511 appellare
253 445 357 506 soleat,
377 446 459 511 quodv
467 461 562 497 earum
572 457 664 497 rerum
674 447 804 498 rideatur
816 446 844 499 ei

18 516 107 568 levis
118 515 237 576 fructus,
248 515 366 583 exiguus
379 530 453 578 usus,
464 516 587 568 incertus
599 515 766 578 dominatus,
785 530 846 566 sae-

18 600 67 653 pe
84 585 176 635 etiam
191 586 417 636 taeterrimorum
433 585 575 637 inominum
591 586 726 637 immensa
736 598 844 652 posses·

21 654 89 705 sio.
113 655 205 716 Quam
216 659 259 705 est
268 652 315 705 hic
325 653 485 706 fortunatus
495 654 643 721 putandus,
658 655 704 706 cui
714 654 768 705 soli
779 666 845 704 vere

20 723 123 775 liceat
136 723 232 774 omnia
242 739 297 774 non
308 724 467 788 Quiritium,
483 724 533 776 sed
545 724 711 790 sapientium
722 724 783 773 iure
794 735 845 788 pro

24 792 96 843 zuis
113 791 272 844 vindicare!
293 808 344 845 nec
357 793 436 844 'cirili
451 809 537 857 nero,
558 793 606 845 sed
624 792 763 843 communi
782 791 846 857 lege

24 867 173 923 maturae,
193 876 263 928 quae
273 868 352 914 vetat
363 863 450 914 ullam
463 880 522 915 rem
536 878 596 915 esse
606 862 776 928 cuiusquam,
790 859 847 911 nisi

30 932 114 993 eius,
135 931 184 997 qui
198 937 322 983 tractare
332 938 361 983 et
371 932 414 982 uti
423 933 506 984 sciat:
528 934 573 999 qui
585 932 703 998 imperia
714 930 846 983 Consula-

28 1007 142 1068 tusque
158 1006 270 1052 nostros
286 1001 315 1051 in
328 1003 503 1064 necessariis,
519 1002 612 1053 nonin
629 1000 791 1067 expetendis
802 1013 846 1052 rc·

29 1071 104 1132 bus,
124 1070 247 1121 muneris
258 1070 392 1136 fungendi
402 1072 496 1139 gratia
506 1072 678 1133 subeundos,
700 1085 755 1121 non
766 1084 846 1136 prae·

32 1140 160 1193 miorum
182 1146 232 1190 aut
254 1140 362 1206 gloriae
382 1155 481 1191 caussa
498 1140 670 1207 appetendos
684 1146 778 1206 putet:
799 1137 846 1206 qui

33 1210 169 1277 denique,
178 1215 210 1260 ut
222 1208 383 1261 Africanum
395 1225 477 1261 avum
488 1225 580 1261 mcum
590 1211 688 1261 scribit
699 1211 769 1262 Ceto
780 1208 847 1259 soli-

32 1286 98 1332 tum
109 1295 172 1331 esse
184 1278 285 1340 dicere,
306 1282 396 1346 possit
405 1279 479 1331 idem
491 1279 525 1330 de
536 1279 749 1345 depraedicare,
770 1292 847 1328 num·

35 1365 122 1418 quam
135 1364 165 1399 se
175 1349 345 1415 plusagere,
368 1364 448 1416 quam
460 1348 532 1399 nihil
544 1364 627 1415 quum
639 1354 748 1414 agerem
768 1361 847 1397 num·

36 1426 123 1486 quam
143 1418 234 1469 minus
254 1419 345 1469 solum
367 1434 443 1479 csse,
464 1433 546 1484 quam
566 1433 647 1483 quum
671 1416 748 1467 solus
763 1420 846 1467 esset.

36 1489 111 1552 Quis
123 1488 197 1539 enim
208 1494 308 1555 putare
319 1503 384 1541 rere
396 1492 499 1555 potest,
506 1486 569 1554 plus
581 1484 846 1554 egisseDionysium

35 1566 109 1619 tum,
130 1573 213 1623 quum
225 1559 317 1609 omnia
328 1557 472 1609 moliendo
482 1557 618 1622 eripuerit
631 1555 735 1607 civibus
746 1556 803 1606 suis
814 1550 846 1604 li·

34 1630 187 1690 bertatem,
198 1643 280 1694 quam
290 1629 352 1679 eius
363 1629 450 1679 civem
455 1624 655 1687 Archimedem,
667 1640 752 1691 quum
763 1624 847 1688 istam

35 1700 132 1765 ipsam
141 1696 296 1763 sphaeram,
309 1698 343 1749 de
355 1713 408 1766 qua
419 1696 503 1747 modo
515 1695 671 1757 dicebatur,
682 1694 752 1745 nihil
764 1707 847 1760 quum

35 1782 124 1835 agere
144 1766 298 1831 videretur,
319 1766 460 1819 effeceriti
481 1766 667 1827 Quisautem
684 1779 738 1814 non
754 1762 847 1828 magis

36 1838 119 1890 solos
129 1851 198 1899 esse,
220 1838 306 1902 quiin
317 1836 380 1888 foro
391 1830 539 1902 turbaque,
559 1835 668 1902 quicum
680 1833 803 1900 colloqui
813 1833 848 1882 li·

35 1909 114 1968 beat,
124 1921 180 1956 non
190 1904 319 1967 habeant,
335 1921 417 1971 quarn
429 1906 478 1971 qui
488 1904 565 1954 nullo
578 1904 685 1955 arbitro
696 1903 741 1955 rel
752 1917 847 1954 seeum

35 1977 95 2045 ipsi
106 1976 265 2041 loquantur,
281 1974 328 2025 uel
339 1975 418 2041 quasi
428 1974 653 2026 doctissimorum
665 1971 807 2024 hominum
817 1971 847 2022 in

37 2044 163 2101 concilio
174 2044 281 2105 adsint,
302 2059 384 2111 quum
396 2059 491 2096 eorum
502 2044 626 2095 inventis
636 2043 804 2109 scriptisque
815 2054 846 2092 se

38 2113 200 2170 oblectentl
221 2114 288 2175 Quis
307 2128 374 2164 uero
397 2113 558 2167 divitiorem
578 2127 742 2179 quemquam
758 2114 848 2178 putet,

39 2201 124 2255 quam
136 2199 207 2245 eum,
223 2184 268 2234 cui
279 2181 349 2234 nihil
360 2183 442 2245 desit,
457 2182 532 2250 quod
543 2183 653 2249 quidem
665 2187 766 2232 nature
776 2179 849 2230 desi·

39 2253 140 2308 doreti
151 2259 199 2304 aut
210 2253 408 2318 potentiorem,
418 2267 500 2318 quarn
511 2251 601 2313 illum,
608 2252 656 2320 qui
667 2248 769 2310 omnia,
776 2261 847 2314 quae

41 2327 169 2391 expetat,
191 2320 392 2388 consequatur?
411 2326 459 2371 aut
468 2321 636 2382 beatiorem,
657 2334 737 2385 quam
754 2317 855 2391 quisit'

41 2392 121 2448 omni
141 2391 356 2458 perturbatione
372 2390 456 2444 animi
478 2388 632 2442 liberatus?
654 2394 704 2438 aut
725 2386 849 2437 firmiore

41 2464 164 2523 fortuna,
171 2475 253 2526 quam
266 2462 315 2527 qui
326 2475 359 2512 ea
368 2459 597 2528 possideat,quae
610 2471 712 2517 secum,
723 2454 850 2516 utniunt,

41 2532 92 2586 rel
112 2547 127 2582 e
148 2529 294 2597 naufragio
314 2531 404 2596 possit
420 2527 539 2580 efferret
560 2526 641 2589 Quod
658 2532 749 2576 autem
764 2524 850 2588 impc-
947 2527 951 2538 “

43 2601 178 2667 rinm,qui
189 2601 381 2665 magistratus,
388 2598 462 2666 quod
472 2611 587 2664 regnum
598 2600 691 2662 potest
701 2606 849 2658 esscprue·

45 2671 174 2735 stantius,
185 2684 268 2737 quam
278 2668 477 2737 despicientem
487 2667 582 2722 omnia
591 2664 723 2728 humana,
739 2667 768 2716 et
777 2659 862 2714 infe·
