2084 3025
130 113 132 118 '
226 126 307 179 ura
325 123 364 180 11.
401 126 484 180 cnr.
505 124 549 180 15.
568 125 609 182 lo.
777 127 812 184 ot

40 229 418 295 iueorp‘oribus'animantiums
431 229 520 281 solem
532 245 638 299 quoque
646 229 813 284 animantem

41 314 84 349 esse
93 306 202 363 oportet,
218 305 247 349 et
259 298 368 364 quidem
380 299 488 364 reliqua
499 305 585 359 astra,
606 314 676 366 spirae
689 301 815 353 oriantur

41 367 62 416 in
69 367 152 418 molare
158 367 286 428 caelesti,
298 367 345 433 qui
356 366 460 428 aetber,
474 368 814 421 neloaelurn-nominatnr.

42 436 72 487 ta
87 436 168 497 Quum
183 436 256 486 enim
273 435 390 485 aliorsum
409 436 588 487 animantium
604 445 680 490 ortos
696 438 817 489 interra

40 504 187 564 sitaliorum
197 504 228 553 in
240 517 320 570 aqua,
332 503 361 553 in
372 507 436 555 a'ere
447 505 578 556 aliorum:
594 506 743 557 absurdum
754 519 816 557 esse

40 572 160 623 Aristoteli
169 573 286 632 ridetur,
308 573 337 621 iu
350 587 383 622 ea
394 579 482 638 parta,
503 589 574 640 quae
584 576 623 625 sit
633 575 666 625 ml
678 573 817 641 gignentia

40 641 147 690 animalia
155 641 309 705 aptissima,
322 642 425 692 animal
435 642 512 709 gigni
523 642 628 693 nullum
640 651 745 710 putare.
770 643 816 693 st-

40 708 92 759 deta
101 706 359 760 autem-aethereum
369 710 461 760 lomim
473 711 611 764 obtinent:
622 711 816 779 quiquoniam

38 779 196 827 tenuissimus
212 783 256 828 est
265 783 293 827 et
303 792 412 843 semper
423 781 546 846 agitatur
556 787 585 832 et
592 782 685 847 viget,
705 793 817 832 neeesse

36 851 84 906 est,
100 846 165 912 qnod
176 846 362 897 animalia-eo
374 848 516 913 gignatur,
533 848 568 899 id
583 856 611 901 et
626 864 708 901 sensu
718 848 815 899 acerri-

36 925 83 975 mo,
100 921 125 965 et
141 915 300 965 mobilitate
316 915 461 968 celerrima
474 933 544 970 esse.
581 918 674 979 Quare
689 931 771 983 qutun
788 916 818 969 in

35 980 129 1035 aethere
140 990 215 1034 astra
224 984 384 1050 gignantur,
391 993 604 1038 cousentaneum
616 993 665 1048 est,
675 986 748 1037 iniis
759 1000 818 1037 sen·

36 1065 84 1100 sum
96 1053 187 1103 inesse
210 1059 238 1103 et
247 1053 474 1120 intelligentiam.
511 1056 622 1122 Exque
639 1056 768 1116 allicitur,
789 1053 818 1107 in

34 1119 142 1171 Deorum
157 1136 273 1172 numero
290 1122 366 1172 astra
376 1138 436 1174 esse
448 1123 581 1176 ducenda.
616 1124 688 1175 xvi.
705 1122 818 1174 Etenim

35 1188 89 1240 lieet
104 1190 199 1240 sidere
220 1192 348 1241 acutiora
366 1190 483 1258 ingenia
502 1200 531 1245 et
550 1192 586 1245 ad
604 1191 818 1259 intelligendum

35 1255 243 1323 septimanorum,
259 1261 305 1325 qui
314 1265 404 1312 terras
416 1262 538 1316 incolant
549 1277 605 1324 eas,
620 1264 648 1312 in
659 1262 759 1328 quibua
769 1271 819 1316 aer

33 1327 63 1377 sit
70 1341 148 1392 purus
158 1343 192 1378 ae
203 1330 304 1389 tenuis,
316 1344 399 1395 quarn
409 1329 531 1392 illorum,
541 1331 588 1398 qui
597 1337 712 1381 utantur·
722 1342 817 1381 ormo

33 1395 99 1447 eaelo
109 1403 192 1462 atque
204 1403 344 1448 concreto.
370 1396 415 1448 43.
430 1398 503 1458 Quin
514 1400 607 1461 etiam,
619 1399 682 1450 cibo
693 1404 818 1465 quauta·

31 1477 66 1526 re,
84 1465 214 1518 interesse
232 1464 339 1532 aliquid
350 1466 386 1517 ad
397 1469 497 1519 mentis
508 1469 596 1521 aciem
608 1472 715 1535 putant.
751 1464 818 1518 Pro·

32 1532 111 1586 babile
122 1541 164 1586 est
175 1535 270 1600 igitur,
289 1543 477 1602 praestantem
486 1537 701 1604 intelligentiam
712 1535 739 1584 in
749 1533 820 1586 siole·

16 1622 17 1625 ¹
32 1602 95 1654 ribus
102 1619 173 1665 esse,
183 1620 255 1670 quae
266 1611 294 1655 et
305 1603 462 1656 aetheream
473 1600 820 1671 mundipuntemiueolant,

33 1678 54 1722 et
68 1672 179 1723 marinis
200 1674 372 1739 terrenisque
393 1672 556 1726 humoribus
569 1675 654 1741 longo
670 1670 819 1722 intervallo

33 1743 173 1792 extenuatis
191 1742 311 1793 alantur.
347 1741 462 1795 Sensum
477 1750 571 1795 autem
584 1748 723 1794 astrorum
736 1746 819 1807 atqua

33 1808 232 1876 btelligentiam
252 1812 374 1864 maxime
393 1812 516 1864 declarat
535 1813 605 1864 ertio
624 1825 720 1864 eorum
735 1816 820 1878 atqua

34 1880 184 1932 constantia.
215 1879 298 1930 ‘Nihil
309 1886 352 1932 est
363 1882 446 1943 euius,
464 1880 537 1948 quod
548 1883 656 1947 ratione
666 1886 695 1932 et
704 1893 818 1930 numero

33 1948 123 1999 noteri
136 1949 228 2013 possit
242 1950 302 2001 sine
313 1951 443 2000 consilio:
461 1951 556 2017 inquo
570 1949 638 2001 nibil
649 1955 692 2002 est
702 1954 820 2001 temera·

32 2013 555 2081 riumuibilvaeiummibiliortuitem.
592 2018 773 2071 ordoautem
782 2015 819 2067 si·

32 2081 123 2149 derum,
145 2093 175 2138 et
185 2087 217 2137 iu
228 2087 301 2152 omni
313 2088 479 2139 aeternitate
491 2088 656 2151 constantia,
676 2102 764 2153 neque
773 2099 826 2137 aa·

31 2156 109 2204 turam
119 2156 276 2223 signifieat3
296 2165 340 2206 est
352 2157 422 2208 euim
431 2157 515 2222 plena
523 2157 651 2208 rationis:
667 2170 754 2222 neque
764 2154 821 2205 ior·

33 2226 125 2287 mmm,
148 2240 220 2291 quae
235 2225 330 2276 amica
350 2225 481 2276 varietati
500 2226 685 2279 constantiam
704 2222 819 2290 respuit.

32 2286 152 2357 Sepritnr
163 2308 240 2360 ergo,
256 2300 288 2343 nt
297 2296 420 2360 ipsasue
429 2301 534 2359 monte,
554 2309 697 2346 mesenen
709 2307 741 2343 ac
753 2289 820 2341 ‹livi-

33 2359 103 2413 mate
112 2369 290 2414 moveantur,
325 2362 369 2413 44.
379 2362 438 2414 Nee
447 2378 513 2414 vere
525 2363 685 2415 Aristoteles
698 2374 751 2412 non
762 2359 820 2410 lau·

33 2423 123 2480 indiis
132 2427 169 2482 in
179 2448 223 2493 eo,
233 2429 307 2497 quod
320 2432 419 2492 omnia,
424 2446 493 2497 quae
504 2437 711 2493 moventur,aut
722 2433 823 2479 natura

34 2501 123 2549 lovari
134 2501 255 2562 censerit,
271 2505 320 2550 aut
328 2501 364 2560 ri,
378 2506 425 2550 aut
436 2501 592 2552 voluntate:
614 2498 722 2550 mereri
732 2502 824 2547 autem

34 2564 103 2617 rolem
115 2570 255 2621 et—lunam
268 2575 297 2620 et
308 2568 400 2619 sidera
411 2570 516 2620 omnia:
536 2583 606 2635 quae
621 2572 715 2617 autem
723 2570 824 2642 nutura

31 2644 209 2752 moverentur,
225 2638 295 2691 haec
306 2643 354 2688 aut
362 2637 484 2704 pondere
495 2638 634 2755 deortui&
653 2637 703 2685 aut
712 2632 826 2682 levltott

71 2719 109 2756 rc.
123 2710 179 2760 Or.
189 2707 238 2759 IX.
