2084 3025
112 245 115 248 Ι
294 180 373 235 LlB.
390 181 412 237 1.
448 181 574 240 ΟΛΜ.
588 183 631 240 10.
797 185 849 243 300

30 291 67 339 ut
78 283 114 348 id
127 283 206 339 effici
223 283 261 336 sit
271 284 370 338 inutile
381 285 426 339 rei
436 286 475 350 ei,
495 288 542 340 eui
552 288 717 356 promissum
732 288 784 352 sit,
804 290 850 344 rei

29 352 70 418 ei,
80 356 135 424 qui
147 355 320 421 promiserit.
356 355 436 419 Nam,
446 356 480 420 oi,
489 362 522 408 ut
530 358 559 409 in
569 357 674 410 fabulis
685 365 736 422 est,
746 358 850 426 Neptu·

29 442 97 487 nnis,
115 423 198 491 quod
210 422 321 475 Theseo
332 425 507 490 promiserat,
522 442 577 478 non
587 427 710 490 iecisset,
725 426 850 481 Theseus

30 495 99 548 filio
114 492 282 559 Hippolyto
296 508 352 544 nou
365 499 440 546 osset
455 496 578 549 orbatus.
615 497 659 549 Ex
672 497 764 549 tribus
775 498 849 550 enim

30 562 163 631 optatis,
174 567 208 612 ut
219 561 361 626 scribitur,
372 561 497 616 hocerat
510 566 634 627 tertium,
652 565 726 631 quod
737 564 771 618 de
781 565 851 634 Hip·
964 613 972 626 ,

28 632 138 701 polyti
148 631 269 682 interitu
278 630 367 683 iratus
378 632 496 699 opterit:
518 649 573 701 quo
584 634 743 699 impetrato,
757 633 786 685 in
795 649 851 687 ma·

26 704 136 755 ximus
147 700 243 750 laetus
254 700 362 752 incidit,
397 701 454 753 Neo
466 703 603 768 promissa
621 702 707 769 igitur
715 703 851 755 servanda

26 777 103 823 sunt
123 784 175 830 ea,
197 783 266 834 quae
280 769 337 820 siut
347 767 396 830 iis,
417 771 515 837 quibus
533 770 707 837 promiseris,
727 771 851 823 inutilior

26 856 96 902 nee,
122 839 152 888 si
163 836 228 903 pius
239 837 289 887 tibi
301 844 428 902 noceant,
448 854 530 906 quam
543 839 585 889 illi
595 839 718 905 prosint,
736 840 779 892 cui
790 853 852 905 pro·

25 907 166 967 miseris,
184 912 283 958 contra
293 905 413 958 officium
422 913 474 970 est,
493 909 582 961 maius
593 908 725 975 anteponi
737 906 851 959 minorir

25 985 64 1031 ut
88 977 124 1050 si
144 974 338 1039 constitueris,
367 981 397 1027 te
418 976 537 1044 cuipiam
558 976 724 1029 advocatum
742 976 772 1028 in
793 990 851 1028 rem
890 995 901 1013 ¹

26 1050 224 1116 praesentem
239 1059 300 1097 esse
319 1051 481 1108 venturum,
501 1052 585 1114 atque
600 1046 711 1098 interim
729 1046 852 1112 graviter

25 1119 199 1185 aegrotare
210 1113 284 1164 iiiios
296 1116 488 1182 eoeperit,non
500 1116 538 1167 sit
550 1123 647 1167 contra
659 1115 851 1177 officium,nou

25 1187 147 1245 fauere,
165 1182 240 1250 qood
251 1182 370 1235 dixerim
394 1184 539 1252 magisque
548 1184 606 1246 iile,
629 1185 672 1236 eui
684 1185 850 1251 promissum

25 1257 85 1318 sit,
111 1252 154 1306 ab
172 1250 264 1303 officio
280 1252 420 1315 duoedat,
442 1254 512 1307 sisa
529 1254 694 1305 destitutum
711 1261 851 1320 queratur.

25 1325 96 1378 lam
114 1321 182 1373 iltis
199 1322 343 1387 promissis
357 1322 489 1373 mandem
506 1337 561 1374 non
577 1337 651 1384 esse,
672 1323 803 1389 quianon
813 1323 852 1373 ri·

22 1394 100 1455 det,
128 1405 204 1458 quae
226 1398 338 1443 coaetus
354 1392 418 1458 (pris¹
431 1398 521 1455 metu,
542 1406 613 1458 quae
630 1390 762 1458 deeeptus
785 1389 851 1443 doio
920 1455 924 1460 .
958 1443 963 1450 ,

26 1458 227 1532 promiseriti
261 1458 305 1514 ³3.
328 1460 407 1523 Quae
424 1461 535 1528 quidem
551 1461 684 1529 pleraque
699 1460 760 1511 iure
770 1458 853 1515 Prae·

26 1533 115 1587 torio
128 1531 301 1593 liberantem
324 1531 458 1582 nonnulla
473 1532 592 1598 legibus.

87 1601 249 1653 Exsistunt
258 1599 344 1651 etiarn
354 1615 437 1666 saepe
446 1600 567 1655 iniuriae
578 1597 716 1651 ealumuia
725 1596 853 1664 quadam,

27 1678 61 1728 et
72 1670 169 1722 nimis
183 1668 299 1731 callida,
321 1668 370 1721 sed
378 1669 521 1721 malitiosa
531 1669 602 1720 iuris
610 1666 851 1734 interpretatione.

26 1744 79 1795 Ex
98 1753 161 1811 quo
180 1737 267 1788 iilud:
287 1753 417 1791 summum
429 1738 472 1790 ius
487 1753 591 1790 summo
604 1735 723 1798 iniuria,
746 1734 852 1787 iactum

28 1817 79 1866 est
90 1811 161 1861 iam
172 1806 272 1858 tritum
282 1822 409 1859 sermone
420 1808 605 1874 proverbium.
636 1807 698 1869 Quo
709 1806 737 1855 in
749 1819 850 1874 genere

28 1881 133 1933 etiam
152 1877 186 1927 iu
205 1876 349 1942 republica
369 1877 459 1928 muita
479 1883 642 1943 peeoanturr
665 1880 697 1927 ut
713 1874 775 1935 ille,
795 1875 852 1941 qui,

29 1964 127 2018 quum
139 1944 261 2013 triginta
272 1945 379 1997 dierum
389 1951 481 2013 esset
497 1961 557 1997 oum
574 1945 654 1997 hoste
665 1949 763 2011 pactae
773 1943 851 1995 indu·

26 2021 114 2081 eiae,
139 2020 230 2066 noctu
241 2015 429 2080 populabatur
439 2028 536 2082 amos,
556 2013 629 2082 quod
641 2013 748 2067 dierum
759 2017 851 2065 essent
888 2056 891 2061 ,

24 2094 159 2160 pactae,
180 2099 238 2135 uon
252 2083 376 2135 noctium
398 2083 535 2137 iudueise.
571 2083 613 2135 No
629 2089 724 2135 noster
740 2082 851 2151 quidem

25 2152 217 2228 probandus,
229 2153 253 2203 si
264 2159 423 2215 verumest,
435 2151 469 2214 Q.
481 2152 599 2204 Fabium
610 2151 779 2214 Labeonem,
800 2157 851 2203 'seu

28 2241 126 2297 quem
143 2223 234 2274 alium
248 2219 335 2284 (nihii
346 2222 420 2275 euim
431 2228 544 2287 praeter
555 2221 679 2272 auditum
690 2219 794 2282 habeo)
806 2234 849 2271 ar·

26 2297 151 2350 birrum
163 2290 283 2345 Nolanis
301 2297 331 2343 et
341 2290 538 2357 Neapolitanis
553 2289 588 2342 (ie
603 2291 702 2343 finibus
718 2289 851 2342 asenatu

27 2366 152 2424 astum,
171 2375 257 2428 quum
268 2358 304 2412 ad
314 2359 407 2412 lomim
418 2359 547 2422 venismt,
565 2375 627 2412 oum
638 2360 763 2426 utrisque
775 2372 852 2422 sepa·
876 2378 883 2387 ’

28 2435 131 2487 ratim
140 2430 282 2492 locutum,
301 2434 333 2481 ut
345 2445 380 2482 ne
391 2428 490 2496 cupide
502 2427 568 2496 quid
580 2434 703 2497 agerent,
725 2438 759 2478 ne
771 2439 852 2492 appe·

28 2509 151 2567 tenter,
162 2506 249 2569 atque
259 2503 291 2550 ut
301 2498 421 2566 regredi,
432 2513 514 2565 quarn
525 2498 658 2565 progredi
667 2496 791 2547 mellent.
820 2490 850 2541 id

28 2568 264 2644 qnuwutnque
280 2568 425 2630 fecissent,
446 2567 619 2633 aliquantum
636 2565 698 2630 agri
715 2564 743 2611 iu
759 2558 851 2639 medio

27 2642 181 2701 relictum
193 2644 245 2691 est.
280 2639 378 2705 ltaque
388 2637 501 2688 illorum
519 2638 599 2697 flues,
621 2634 692 2683 sicut
707 2627 762 2692 ipsi
777 2626 852 2676 drxe·

25 2718 127 2774 rant,
146 2707 325 2833 tgrmffritz
347 2705 480 2760 inmedio
491 2695 784 2820 reucturisquoderet,
805 2705 853 2760 1¹⁰·

79 2781 147 2837 Cro.
185 2792 209 2832 r.
631 2782 648 2818 ⁸
