2084 3025
201 172 238 229 54
319 193 326 203 ·
383 171 439 224 or
457 167 830 240 nsrrnsnronun

203 276 307 330 nemini
318 275 421 329 debent
432 290 502 327 esse.
538 273 586 326 lV.
605 274 689 340 Atqui
706 279 735 325 ct
750 278 910 328 nostrorum
927 290 1027 345 augna-

202 347 279 410 rum,
301 351 330 398 et
340 347 521 397 Etruscorum
537 344 718 410 haruspicum
728 342 901 410 disciplinam
911 344 944 397 P.
958 347 1028 401 Sei·

203 419 297 485 pione,
309 418 338 467 Ο.
349 415 452 483 Figulo
464 414 638 475 Consulibus,
648 428 698 464 ¹res
707 412 769 479 ipsa
777 415 918 480 probarit:
942 431 1026 483 quus

204 501 288 555 quum
298 486 343 537 Ti.
354 483 504 547 Gracchus,
520 483 744 545 Consuliteium,
766 489 882 546 crearet,
903 485 1030 550 primus

164 593 168 594 ν
203 552 381 622 rogatorum,
401 553 495 606 utens
511 554 624 615 retulit,
645 549 749 604 ibidem
762 559 804 605 cst
813 560 928 620 repente
940 570 1030 612 nior·

205 634 277 677 tuus.
315 622 457 675 Gracchus
473 638 556 689 quarn
573 622 688 682 comitia
702 621 1030 693 nihilominuspcregis-

205 702 256 757 set,
268 709 381 761 remque
392 694 471 745 illam
481 694 511 743 in
522 693 687 760 religionem
697 692 799 759 populo
810 694 919 745 venisse
930 698 1032 748 senti·

206 771 263 826 ret,
284 763 320 815 ad
333 762 465 814 Senatum
475 763 581 813 retulit,
618 761 751 825 Senatus,
773 762 889 829 quosad
900 764 1032 829 soleret,

206 832 383 886 referendum
396 834 511 885 censuit.
548 833 721 899 Haruspices
731 832 891 895 introducti,
902 848 1033 902 respon-

208 904 317 965 derunt,
339 918 395 953 non
415 901 504 953 fuisse
524 901 626 952 iustum
649 902 824 953 comitiorum
840 910 1032 970 rogatorem.

156 971 159 976 ’
207 970 249 1028 11,
261 970 488 1033 TumGrac-chus,
499 976 531 1021 ut
542 987 557 1022 e
568 978 648 1038 patre
659 971 813 1035 audiebam,
824 970 959 1024 incensus
973 975 1033 1038 ira,

194 1044 287 1094 ‘Itane
297 1027 382 1093 verul
403 1054 454 1108 ego
466 1055 522 1091 non
533 1041 631 1118 ipstus,
642 1042 729 1108 quiet
740 1042 843 1093 Consul
852 1044 977 1109 rogari,
1002 1052 1035 1097 et

208 1127 309 1178 augur,
331 1118 360 1164 et
371 1109 535 1176 auspicatol
556 1126 591 1159 an
605 1126 670 1173 vos,
691 1111 777 1162 Tusci
790 1126 823 1162 ac
832 1112 962 1175 barbari,
980 1130 1035 1166 au·

208 1182 358 1249 spiciorum
374 1180 473 1247 populi
488 1179 609 1230 Romani
629 1180 672 1230 ius
687 1182 790 1233 tenetis
806 1186 834 1231 et
848 1181 1036 1250 interpretes

208 1262 270 1306 esse
281 1250 458 1302 coniitiorum
469 1249 603 1314 potestisl
619 1249 717 1317 ltaque
727 1256 786 1318 lllss!
797 1250 861 1302 illos
874 1253 958 1314 exire
972 1254 1038 1307 ius·

211 1322 257 1374 sit.
293 1320 362 1371 Post
376 1324 468 1371 autern
482 1334 517 1371 ex
532 1319 678 1386 provincia
692 1320 802 1374 litteras
817 1320 854 1372 ad
867 1322 1038 1391 collegium

210 1390 295 1451 misit,
306 1404 439 1456 se,=quun1
448 1388 556 1456 legeret
569 1388 664 1454 libros,
676 1390 853 1442 recordatum
864 1383 937 1453 es'se,
951 1394 1036 1446 vitio

210 1461 266 1514 sibi
280 1458 491 1510 tabernaculum
508 1465 619 1526 captum
637 1459 738 1520 fuisse,
760 1458 856 1510 hortus
871 1460 1038 1530 Scipionis,

229 1529 398 1596 uod,·quum
418 1532 591 1595 pomoerium
611 1537 710 1595 postea
730 1530 875 1593 intrasset,
897 1528 1040 1586 habendi

210 1547 330 1654 Senatus
342 1615 448 1660 caussa,
458 1599 488 1650 in
498 1598 651 1661 redeundo,
664 1615 748 1666 quum
757 1601 834 1653 idern·
843 1603 1040 1665 pomoerium

209 1671 351 1732 transiret,
372 1669 511 1735 auspicari
526 1676 600 1721 esset
617 1669 733 1720 oblitus:
754 1671 849 1736 itaque
860 1671 932 1723 vitio
946 1689 1040 1737 crea-

156 1734 161 1741 ’
209 1747 255 1795 tos
267 1739 402 1791 Consules
413 1736 483 1789 csse,
519 1740 643 1806 Augures
653 1754 712 1790 rem
723 1740 759 1790 ad
771 1739 917 1791 Senatum:
934 1741 1040 1795 Sena-

209 1817 269 1871 tus,
291 1815 323 1859 ut
345 1807 505 1858 abdicarent
524 1801 672 1872 Consules,
694 1809 899 1861 abdicaverunt.
940 1812 1040 1875 Quae

211 1879 370 1946 quaerimus
385 1876 648 1942 exemplamaioral
675 1876 727 1928 Vir
742 1881 976 1946 sapientissimus
991 1892 1041 1936 at-

210 1964 264 2015 que
280 1944 354 2005 haud
370 1945 429 1996 scio
445 1962 479 1996 an
494 1947 616 1998 omnium
630 1950 900 2020 praestantissimus,
923 1966 1041 2017 pecca·

209 2025 269 2069 tum
280 2031 368 2078 suum,
379 2015 452 2081 quod
464 2017 550 2068 colari
559 2024 663 2083 posset,
675 2020 802 2070 confiteri
814 2018 925 2083 maluit,
938 2037 1006 2088 qua

210 2085 326 2139 haerere
336 2086 365 2137 in
380 2086 524 2151 republica
536 2087 713 2152 religionem:
734 2089 868 2141 Consules
879 2106 1028 2145 summan

209 2157 359 2223 imperium
371 2156 466 2206 statim
479 2156 625 2222 deponere,
648 2174 729 2225 quam
740 2158 767 2208 id
779 2166 875 2211 tenere
885 2153 1007 2227 punctu

210 2226 346 2292 temporis
364 2233 461 2276 contra
480 2226 653 2293 religionem.
692 2225 733 2278 12
755 2227 860 2295 Magna
880 2231 963 2298 augu

212 2295 375 2348 canantes.
412 2294 709 2376 QuidlUHaruspicum
731 2313 776 2349 ars
797 2315 889 2352 nonne
905 2301 1035 2355 divina

210 2511 347 2571 terpretcs
360 2508 431 2575 sunt,
444 2519 492 2554 eos
504 2504 581 2570 ipsos
594 2519 655 2557 esse
668 2513 743 2559 certe
754 2524 867 2562 necesse
878 2517 932 2563 est.
950 2510 1033 2567 Deo

209 2590 273 2626 rum
284 2580 378 2625 autem
389 2572 556 2638 interpretes
568 2580 644 2624 sunt:
667 2574 743 2628 Deos
760 2578 848 2644 igitur
859 2596 923 2632 esse
936 2578 1039 2634 facea

211 2658 281 2695 mur.
292 2644 328 2693 At
339 2642 460 2692 fortasse
471 2656 526 2692 non
539 2644 633 2695 omnia
644 2638 781 2708 cleniunt,
793 2664 862 2715 quae
874 2642 1025 2717 praedict

214 2718 285 2763 sunt.
300 2710 342 2762 Ne
353 2710 432 2777 aegri
443 2710 555 2777 quidem
566 2713 630 2779 quia
641 2728 696 2765 non
708 2731 803 2768 ornnes
814 2720 1020 2772 convalescun
1035 2749 1042 2768 2
