2084 3025
260 128 622 186 corasonnnro.v
772 94 827 188 ros

26 245 52 295 lo
62 238 179 309 pendet,
190 236 376 303 educatioque
385 236 473 287 vitae:
485 246 648 303 quaequam
658 240 735 288 tecte
746 234 827 288 insti·

26 314 105 364 nitur
116 316 201 377 atque
210 307 359 368 exeolitur,
374 305 540 357 incredibile
551 305 628 356 dictu
640 311 694 368 est,
705 313 825 373 quantos

28 392 154 447 namque
165 381 267 431 uberes
277 375 410 437 iustitiae,
421 375 603 442 integritatis,
615 376 759 442 omnisque
769 390 826 425 am·

26 451 160 502 ›lissinrae
173 448 264 499 laudis
275 445 382 497 fruetus
393 444 502 496 alferat.
529 444 594 507 Sed,
610 460 692 511 quum
704 446 826 495 virtutes

26 522 123 573 nultae
133 520 235 570 merito
248 516 392 577 colantur,
412 514 488 581 quod
501 519 531 565 ct
544 514 624 580 ipsae
635 514 713 566 cultu
726 513 827 580 dignas

26 592 87 652 int,
109 595 138 641 et
150 588 256 639 multae
266 586 301 637 ab
315 585 352 636 iis
363 583 399 636 ael
410 585 568 636 universum
580 596 668 652 genus
684 581 827 634 hominum

26 661 158 713 [tilitates
173 656 356 725 proveniant,
375 654 443 722 quid
456 656 507 717 sit,
531 667 581 705 cnr
596 653 705 706 bestiae
717 666 828 721 quoque

26 745 94 798 psae
113 728 149 779 ab
166 726 313 794 Aegyptiis
332 724 421 777 ferme
442 739 539 776 omnes
558 729 741 776 consecratae
760 723 827 786 sint,

27 801 89 852 cire
97 813 169 850 sane
180 797 272 848 velim.
310 794 352 847 Sit
363 794 449 861 piscis
458 796 489 845 in
500 794 577 845 cultu
591 809 624 845 ae
634 795 757 846 Deorum
769 794 828 860 opi·

26 870 101 921 lione
116 866 190 934 apud
206 865 306 934 Syros;
326 862 452 916 homines
466 879 517 915 nee
536 870 619 916 tanta
637 864 744 932 ingenii
766 864 827 916 aeia

26 938 178 998 ›raeditos‚
199 950 250 987 nee
261 935 349 987 tantis
361 933 550 986 doctrinarum
561 934 712 1001 praesidiis
722 933 827 984 instru-

26 1016 89 1070 :tos,
109 1013 151 1068 ut,
167 1004 237 1057 baec
245 1005 341 1073 inepta
351 1002 526 1071 ridiculeque
538 1019 609 1066 esse,
620 1004 730 1072 possint
742 1017 827 1070 agno·

26 1093 105 1130 cere.
129 1074 262 1141 Aegyptii
273 1088 349 1134 vero,
361 1074 488 1124 omnibus
499 1073 645 1126 affluentes
657 1073 827 1125 eruditionis

26 1154 47 1198 et
56 1144 194 1198 amentiae
200 1142 348 1205 laudibus,
369 1143 518 1211 quomodo
529 1146 556 1193 in
568 1150 625 1195 tam
637 1144 748 1196 inanem
757 1148 829 1194 tam·

26 1232 72 1283 que
83 1212 233 1266 absurdam
245 1213 340 1265 delabi
350 1213 510 1281 opinionem
521 1214 677 1280 potuerint,
698 1211 827 1280 equidem

29 1283 181 1349 intelligere
191 1283 238 1334 rix
248 1297 371 1349 possum.
390 1282 465 1344 Quid
474 1283 567 1335 enimi
576 1299 612 1336 an
623 1284 721 1345 boves,
733 1297 839 1345 cunm

28 1368 115 1421 upos,
137 1351 221 1414 soles,
232 1353 323 1419 pisces
338 1352 369 1404 in
382 1351 508 1405 Deorum
519 1369 633 1405 numero
645 1352 828 1406 habebimus!

26 1430 51 1473 at
65 1437 136 1490 quas
148 1422 229 1473 nobis
240 1429 341 1472 natura
350 1423 481 1489 praesidii
493 1423 647 1490 auxiliique
659 1438 758 1475 caussa
770 1422 829 1473 ani·

26 1499 128 1547 arantes
139 1493 244 1559 genuit,
260 1507 307 1543 eas
318 1506 368 1558 per
383 1492 525 1544 inscitiam
535 1492 613 1546 Deos
623 1490 829 1546 indicabimus!

26 1565 122 1632 quibus
133 1560 203 1613 nihil
213 1561 338 1624 foedius,
358 1562 519 1625 obscenius,
541 1564 716 1626 lutulentius,
736 1580 770 1615 ne
780 1579 829 1617 nn·

27 1632 207 1700 :oraquidcm
224 1632 288 1698 ipsa
298 1632 409 1684 viderit.
437 1633 568 1685 Etiamne
578 1635 739 1687 animalium
751 1650 829 1686 mon·

27 1710 81 1755 stra
92 1703 154 1765 illa,
164 1718 182 1753 a
193 1702 292 1768 quibus
302 1699 443 1753 hominum
455 1704 552 1769 generi
562 1706 715 1773 praecipua
724 1705 830 1756 incom-

27 1772 106 1824 moda
117 1771 285 1835 inferuntur,
298 1771 465 1834 crocodilos,
476 1773 598 1839 aspidas,
614 1781 766 1843 serpentes,
785 1790 829 1828 oe·
903 1808 906 1812 <

27 1855 98 1896 teras
108 1841 183 1894 ieras
194 1848 224 1893 et
234 1842 369 1893 immanes
378 1842 498 1906 belluas,
510 1844 539 1894 in
546 1843 669 1896 Deorum
680 1855 828 1897 numerum
843 1881 845 1884 -

27 1910 192 1965 referemusl
222 1911 295 1974 Quid
306 1912 361 1964 erit
371 1912 464 1975 aliud,
482 1919 612 1965 naturum
622 1914 776 1978 invertere,
799 1919 830 1968 et

27 1981 214 2043 inrasunrmis,
234 1982 455 2033 sunrnrainlimis
467 1983 657 2037 commutare?
683 1985 728 2048 Et,
744 1999 829 2051 quum

27 2057 128 2104 tantam
137 2051 167 2102 in
178 2049 220 2101 bis
231 2051 400 2119 imperitiam
410 2052 622 2122 barbariamque
633 2068 827 2121 agnoscamus,

27 2129 152 2174 tamenne
171 2121 227 2172 ista
247 2123 360 2187 penitus
375 2122 471 2175 inania
490 2125 676 2190 pertinaciter
696 2122 828 2176 defende·

27 2190 100 2244 nrusl
110 2188 269 2257 Eademque
281 2191 394 2244 inscitia
405 2208 496 2260 cepas,
506 2195 583 2257 allia,
595 2195 701 2246 fruetus
708 2200 828 2258 ceteros,

27 2261 72 2329 qui
82 2262 208 2322 oriuntur
218 2276 232 2311 e
241 2267 330 2323 torro,
340 2261 369 2312 in
380 2261 505 2315 Deorum
516 2281 631 2316 nurnero
642 2264 769 2331 reposuit
776 2266 836 2315 lle*
924 2259 928 2264 ’

27 2336 134 2399 gyptus.
160 2329 241 2391 Quae
251 2328 324 2381 lraud
335 2332 401 2393 scio,
414 2347 463 2382 cur
473 2334 596 2401 longiori
607 2336 735 2386 oratione
746 2333 828 2388 refel-

27 2403 81 2452 lere
91 2401 129 2451 sit
137 2414 258 2452 necesse.
293 2400 467 2453 incredibilis
485 2409 529 2454 est
540 2406 719 2456 enimeorum
730 2404 828 2464 absol-⁴

27 2470 108 2531 litas,
124 2475 156 2520 ut
167 2469 246 2521 nulla
256 2485 317 2522 esse
327 2470 416 2537 possit
427 2479 474 2523 aut
485 2475 641 2540 pertinacia
653 2481 702 2525 aut
713 2473 828 2540 imperi·

28 2541 65 2592 tia
78 2545 169 2602 tanta,
189 2554 261 2607 quae
271 2555 326 2591 non
341 2541 397 2593 ista
411 2550 578 2609 aspernetur
594 2552 678 2613 atque
693 2543 825 2610 refugiat.

28 2609 125 2675 imbres
141 2616 247 2673 autem,
270 2610 372 2672 nimbi,
390 2614 532 2678 procellae
550 2614 573 2666 si
584 2630 602 2665 a
612 2614 716 2667 nostris
729 2628 828 2666 conse·

28 2688 114 2737 matur
125 2686 202 2746 sunt,
224 2680 253 2734 id
264 2680 467 2752 antiquissimis
479 2684 578 2755 populi
588 2685 706 2740 Romam
721 2683 828 2738 mnibus
