2084 3025
236 167 315 223 uir.
334 170 356 224 i.
392 167 475 224 cir.
494 164 537 225 ao.
554 170 599 224 40.
616 167 662 224 ii.
803 165 856 223 iss
904 146 908 152 ’

49 282 135 328 terem
146 273 337 338 Academiam,
345 273 556 343 Peripateticos,
567 273 687 326 Stoicos.
714 271 790 326 Unus
802 271 857 324 dis·

47 346 135 399 sentit
155 345 304 411 Epicurus.
340 345 414 407 Quid
433 345 517 398 veroi
546 344 599 397 hoc
618 344 741 411 turpius,
773 358 857 411 quam

47 416 121 482 quod
138 414 213 466 idem
228 414 332 473 nullam
348 416 436 467 sensit
457 416 610 481 gratuitam
628 430 689 467 csse
705 413 857 465 uirtutemi

45 485 106 537 XL.
126 484 198 546 Quis
213 490 258 535 est
272 490 379 548 autem,
399 501 481 552 quem
496 500 551 535 non
566 492 679 537 moreat
690 484 857 537 clarissimis

45 554 236 607 monumentis
249 559 357 606 testata
371 551 448 607 'consi
488 560 590 622 ataquc
606 553 774 622 antiquitas!
795 554 858 609 Cal·

47 622 178 676 chuntcm
194 638 329 691 augurem
343 625 447 676 scribit
482 640 594 676 omerus
613 625 696 693 louge
712 625 857 691 optimum,

48 710 169 762 eumque
179 675 388 746 ducemc'sassis
398 695 486 747 fuisse
497 693 534 746 ad
545 694 655 757 ilium*,
670 695 856 759 auspiciorum

48 764 131 816 eredo
144 763 281 826 scicntia,
301 779 356 814 non
378 763 514 816 locorum.
550 764 594 816 88.
613 760 808 831 Amphilochus
829 770 858 815 et
947 808 949 813 .

47 833 166 900 Mopsus
180 834 346 900 Argivorum
357 834 448 901 Reges
462 833 589 896 fuerunt,
610 832 659 884 sed
672 833 757 886 iidem
773 840 859 900 augus

48 918 106 955 res:
127 903 208 970 iique
227 903 311 956 urbes
332 904 362 954 in
377 920 428 956 ora
441 904 587 956 maritima
602 902 718 955 Ciliciac
735 901 858 954 Graecas

49 973 245 1025 modicorum.
280 974 370 1040 utque
387 976 473 1026 ctiam
491 979 556 1026 anic
572 972 622 1024 hos
632 971 815 1040 Amphiaraus
830 983 858 1030 m

48 1044 186 1103 Tiresias,
203 1058 259 1094 non
269 1040 388 1096 humiles
398 1051 428 1096 ct
438 1043 560 1108 obscuri,
576 1058 771 1113 nequceorum
782 1043 858 1096 siuti·

49 1111 99 1174 ico,
108 1120 140 1163 ut
152 1112 229 1179 apud
238 1112 357 1164 Ennium
368 1120 421 1177 est,

85 1182 194 1247 Quicni
208 1192 338 1250 quaestus
347 1183 445 1236 enema
452 1181 540 1253 fletus
550 1180 684 1238 sciscitari
694 1183 861 1238 seutentiam

50 1253 98 1305 scd
109 1252 180 1306 cliui
190 1259 221 1304 ct
230 1248 406 1324 praestantes
417 1254 479 1316 riri,
492 1255 549 1322 qui,
560 1254 657 1307 avilius
668 1262 697 1308 ct
712 1254 801 1323 signis
812 1255 860 1306 ad·

52 1323 167 1390 moniti,
186 1321 284 1374 futura
295 1322 439 1376 dicebaut.
476 1323 599 1385 Quorum
616 1324 650 1377 ds
666 1324 757 1377 altero
773 1324 859 1377 ctiam

51 1392 124 1458 apud
133 1386 242 1445 micros
251 1393 392 1445 Homerus
404 1394 453 1456 eit,
463 1394 553 1445 solum
565 1408 673 1462 supere,
685 1400 793 1446 ceteros
803 1409 860 1446 um·

49 1460 164 1514 braium
176 1463 275 1531 vagari
285 1462 377 1516 modo.
408 1462 606 1531 Amphiaraum
617 1470 710 1516 eutem
723 1462 763 1515 sic
775 1461 860 1515 hono·

48 1533 215 1584 racltiama
224 1532 369 1595 Graeciae,
383 1533 460 1586 Deus
471 1540 502 1585 ut
512 1533 674 1598 haberetur,
689 1539 773 1600 atque
782 1541 814 1583 ut
823 1533 861 1586 ab
933 1535 937 1554 ’

49 1604 110 1653 sius
120 1599 201 1666 solo',
219 1603 248 1653 in
267 1619 321 1670 quo
336 1610 381 1655 cst
395 1602 538 1667 humatus,
559 1603 673 1655 oracula
688 1607 860 1670 peterentur.

49 1672 92 1724 89.
113 1672 189 1733 Quid
209 1673 376 1725 AsiaeRex
396 1673 538 1735 Priamus,
559 1688 650 1738 nonne
670 1679 698 1725 et
720 1671 860 1724 Helenum

48 1741 380 1800 hliumetcassandram
392 1743 478 1795 liliam
496 1742 653 1794 divinantes
668 1740 803 1805 habebat,
821 1741 860 1794 ai·

48 1818 140 1863 terum
157 1811 297 1879 auguriis,
318 1812 436 1865 alteram
451 1813 554 1864 mentis
568 1812 733 1865 incitatione
748 1819 777 1864 ct
798 1827 860 1878 per·

48 1882 175 1933 motione
194 1880 307 1933 divinai
328 1883 391 1946 Quo
411 1884 441 1934 in
462 1897 565 1950 genere
580 1881 703 1935 Marcios
723 1882 858 1950 quosdam
919 1943 922 1950 Ι

50 1949 163 2013 fratres,
172 1952 260 2002 nobili
271 1952 334 2002 loco
346 1959 437 2015 natos,
454 1952 528 2019 apud
538 1953 658 2004 maiores
669 1961 780 2005 nostros
791 1951 859 2005 luis·

52 2022 236 2088 rescriptum
246 2021 382 2073 ridemus.
419 2021 510 2083 auidi
525 2020 674 2087 Polyidum
685 2021 859 2075 Corinthium

51 2105 141 2143 nonne
151 2092 294 2143 Homerus
305 2098 333 2145 ct
344 2091 514 2154 aliismulta,
525 2101 553 2143 et
561 2091 619 2142 filio
630 2091 786 2145 adTroiam
796 2108 860 2160 pro·

51 2159 188 2213 heisccnti
198 2169 318 2213 mortem
329 2161 501 2228 praedixisse
511 2161 729 2214 commemorati
739 2163 859 2215 Omnino

52 2230 126 2296 apud
137 2238 257 2293 veteres,
279 2232 326 2298 qui
337 2246 429 2282 rerum
439 2229 625 2297 potiebantur,
645 2230 728 2284 iidem
740 2232 859 2300 auguria

50 2300 195 2352 tenebant.
231 2300 269 2352 Ut
279 2301 352 2353 eninr
363 2316 470 2367 sapere,
480 2299 522 2351 sic
533 2300 659 2353 diuinare
669 2302 765 2369 regalo
776 2301 860 2352 duca

50 2369 129 2431 hant,
142 2380 174 2420 ut
184 2371 267 2422 testis
278 2377 321 2422 est
332 2377 430 2438 nostra
438 2371 551 2422 ciritast
568 2371 595 2421 in
606 2385 660 2437 qua
671 2376 700 2422 et
710 2371 801 2446 liegos⁸
812 2384 859 2418 au·

0 2502 1 2505 Ἴ
48 2453 150 2507 gures,
170 2447 199 2490 ct
215 2446 314 2507 postca
329 2437 437 2506 privati
448 2439 548 2491 eodem
563 2439 722 2491 sacerdotio
737 2435 860 2504 praediti

47 2508 252 2575 rempublicam
263 2511 431 2578 religionum
441 2510 613 2560 auctoritate
622 2513 763 2559 rexerunt.
784 2503 860 2555 xm.

47 2580 97 2631 iio.
119 2579 216 2645 anue
226 2580 429 2631 divinationum
439 2579 513 2630 ratio
526 2593 560 2629 ne
572 2579 600 2628 in
608 2574 739 2628 barbaris
748 2570 861 2647 quidem

48 2648 185 2717 gentihus
195 2649 325 2717 neglecta
343 2655 396 2701 est.
428 2647 463 2700 Si
475 2648 586 2715 quideru
597 2654 627 2698 ct
635 2646 664 2694 in
674 2640 769 2692 Gallia
780 2638 862 2688 Drus-

50 2718 112 2770 ἀπ
122 2724 197 2790 vesi,
217 2734 234 2776 e
244 2720 344 2789 quibus
358 2720 419 2787 ipsc
429 2717 604 2772 Diuitiacum
614 2711 754 2770 aeduum,
772 2703 864 2770 hosii·
