2084 3025
160 91 197 145 ss
337 86 782 152 unnsrunsuuonun
1035 53 1037 56 ’

160 198 281 258 mortem
302 192 413 245 diceet
431 191 521 243 Deoss
543 190 642 258 quibus
663 189 818 242 mediocres
839 187 967 245 homines
1036 225 1037 270 q

98 261 102 266 ’
160 278 216 317 uon
229 263 272 313 ita
287 262 369 313 valde
385 267 544 312 moventur:
565 258 619 322 his,
638 260 688 311 ille
707 260 822 321 elamat,
842 261 967 310 omnium
1036 273 1038 292 ¹

160 332 320 383 mortalium
331 336 437 382 mentes
449 345 509 381 esse
520 329 694 395 perterritas.
716 330 774 380 'l'ot
784 329 873 379 millia
882 330 970 380 lutro-
1036 391 1038 397 ⁴

104 409 109 418 “
150 447 152 450 ,
163 402 298 462 ninantur,
310 406 399 450 morte
410 400 562 465 proposita.
580 398 636 449 Alii
647 396 751 459 omnia,
760 414 832 465 quae
843 407 969 465 possunt,
1037 403 1038 462 f

162 470 229 521 fana
240 468 399 536 compilant.
422 467 521 532 Credo,
531 475 581 519 aut
591 467 656 530 illos
666 468 765 518 mortis
773 469 860 520 timor
870 475 970 532 terret,
1037 499 1038 512 i

162 546 212 592 unt
222 537 272 589 hos
282 537 434 605 religionis.
461 553 464 558 ·
744 572 746 576 -

215 607 258 659 87.
277 606 340 669 Sed,
359 606 487 674 quonium
499 606 656 659 nonaudes
666 606 733 669 (ium
745 607 819 659 enim
831 606 969 672 cumipse
1038 623 1039 631 ¹

132 682 136 688 ’
163 678 285 743 Epicuro
296 675 406 743 loquar)
428 691 539 743 negare,
558 692 619 728 esse
629 676 717 727 Deos:
732 676 804 744 quid
815 682 872 739 est,
893 677 969 743 quod

80 807 83 812 ,
162 754 192 799 te
202 745 352 811 impediat,
372 751 422 795 aut
436 746 526 796 solem
540 751 589 798 aut
601 746 694 796 lunam
710 751 757 796 eut
772 745 903 796 mundum
919 752 971 796 aut

163 822 282 868 urentem
294 815 416 882 aliquam
427 816 624 881 sempiternam
637 816 664 864 in
676 814 797 868 Deorum
810 821 910 865 natura
920 828 971 880 po·

122 889 125 892 '
164 885 245 937 nere'l
265 884 420 952 Numquam
431 884 497 946 vidi,
509 885 608 951 inquis,
620 884 740 935 animum
751 885 869 935 rationis
879 883 970 935 consi·

130 1017 135 1022 ⁵
163 955 249 1021 liique
270 947 435 1022 participem
450 955 478 1004 in
495 955 555 1006 nlla
570 955 643 1016 alia,
661 953 715 1004 nisi
732 950 852 1005 humanu
866 954 969 1021 ligura.

53 1023 58 1030 '
165 1024 253 1086 Quint
273 1024 341 1075 solis
354 1023 552 1090 numquidnam
569 1030 618 1086 ant
633 1024 716 1074 lunae
731 1024 915 1090 autquinque
926 1038 971 1075 er·

164 1094 285 1148 rentium
295 1093 415 1149 siderum
426 1094 518 1145 simile
530 1092 643 1144 vidistit
655 1091 702 1144 Sol
714 1092 820 1144 duabus
832 1092 912 1143 unius
925 1107 971 1143 or·

163 1164 206 1215 bis
216 1162 322 1213 ultimis
334 1162 460 1228 partibus
472 1161 604 1214 deliniens
616 1168 737 1224 motum,
756 1178 852 1214 cursus
862 1177 970 1215 annuos

165 1232 285 1284 coniicit.
321 1232 412 1283 Huius
426 1231 497 1284 hane
511 1232 706 1283 lustrationem
723 1232 846 1284 ciusdem
855 1232 973 1285 incensa

164 1303 253 1355 radiis
268 1307 409 1352 menstruo
426 1302 518 1367 spatio
536 1301 602 1353 luna
616 1301 747 1367 complet.
784 1301 911 1368 Quinque
922 1316 973 1354 au·

165 1380 221 1424 tem
232 1369 334 1421 stellae
344 1370 470 1421 eumdem
482 1370 576 1422 orbem
588 1377 723 1432 tenentes,
744 1371 816 1423 aliae
828 1371 942 1438 propius
952 1386 974 1423 a

86 1483 96 1497 .
164 1441 257 1500 terris,
278 1439 351 1491 aliae
361 1440 511 1503 remotius,
522 1441 558 1491 ab
569 1441 668 1492 iisdem
680 1441 833 1508 principiis,
851 1440 972 1507 dispari·

165 1512 216 1562 bus
227 1509 401 1576 temporibus
417 1509 514 1562 eadem
530 1511 623 1578 spatia
638 1509 794 1564 conficiunt.
830 1512 873 1563 88.
885 1510 974 1563 Num·

164 1580 230 1648 quid
242 1579 308 1642 tale,
320 1580 448 1647 Epicure,
458 1581 575 1632 vidisti!
585 1580 628 1632 Ne
638 1581 676 1632 sit
687 1580 773 1648 igitur
784 1581 836 1643 sol,
849 1597 883 1633 ue
893 1581 974 1644 lune,

165 1667 199 1702 ue
210 1650 322 1703 stellae:
342 1650 472 1716 quoniam
483 1649 555 1702 nihil
565 1666 626 1703 esse
636 1655 738 1717 potest,
758 1650 811 1701 nisi
821 1651 894 1718 quod
905 1651 975 1707 utti-

165 1720 255 1788 gimus
272 1725 319 1771 aut
334 1720 463 1779 vidimus.
499 1719 591 1782 Quidl
610 1719 700 1770 Deum
711 1719 801 1784 ipsum
820 1736 920 1772 numne
930 1720 978 1772 vi*

166 1790 255 1843 distis
271 1791 326 1840 Cur
335 1790 422 1857 igitur
432 1787 615 1841 credis'esse'i
633 1788 778 1840 Tollumus
789 1804 856 1856 ergo
867 1789 976 1852 omniu,

165 1875 237 1927 quae
249 1857 425 1910 nutlsistoria
437 1858 517 1908 nobis
527 1865 576 1909 aut
586 1857 660 1908 ratio
672 1872 744 1909 uovu
754 1858 843 1911 affert.
876 1860 921 1911 lta
931 1860 976 1922 ot,

165 1936 197 1980 ut
209 1927 408 1979 mediterranei
421 1942 496 1978 mare
512 1942 573 1979 esse
589 1942 643 1978 non
658 1928 781 1980 credaut.
817 1930 895 1992 Quae
906 1937 977 1982 sunt

165 2005 260 2050 tantae
270 1997 355 2048 aninri
367 1996 520 2064 angustiae
532 2002 572 2057 ut,
582 1996 607 2046 si
613 1994 723 2062 Seriphi
734 2004 815 2049 nutus
826 2014 910 2060 esses,
920 2013 980 2051 nec

166 2080 295 2133 umquam
307 2080 433 2133 egressus
445 2080 479 2116 ex
489 2065 590 2128 insula,
600 2066 629 2116 in
640 2077 697 2134 qun
706 2067 864 2133 lepusculos
874 2069 977 2135 vulpe·

166 2137 297 2202 culosque
307 2149 390 2201 saepe
401 2133 533 2196 vidisses,
555 2150 609 2185 non
623 2136 750 2188 crederes
760 2136 855 2189 leones
865 2145 894 2191 et
904 2152 979 2205 pan·

163 2205 258 2258 theras
267 2219 341 2264 esse,
362 2203 518 2270 qunmtibi‚
540 2205 635 2271 quales
646 2212 750 2270 essent,
767 2206 926 2261 dicereturl
948 2210 979 2262 si

89 2285 97 2291 ·
164 2291 230 2326 vero
241 2274 276 2325 de
287 2271 438 2339 elephanto
446 2273 508 2339 quis
518 2272 638 2336 diceret,
657 2276 743 2327 etiam
754 2276 842 2330 rideri
851 2284 881 2332 te
890 2285 980 2347 putu·

162 2343 224 2397 rest
259 2341 373 2395 xxxll.
394 2340 436 2393 89.
447 2341 485 2393 Et
496 2342 528 2394 tu
539 2342 662 2410 quidem,
681 2343 787 2410 Vellei,
809 2362 865 2399 non
876 2354 980 2403 vestro

163 2427 253 2474 urere,
274 2410 323 2463 sed
335 2410 555 2471 Dialecticorum
572 2417 653 2480 (quae
665 2413 789 2467 funditus
799 2425 983 2484 gens-vestra

162 2498 217 2534 uon
227 2481 316 2543 novit)
328 2481 485 2547 argumenti
495 2483 661 2534 seutentiam
673 2485 847 2537 conclusisti:
866 2487 982 2541 Beatos

107 2556 110 2563 '
164 2568 225 2603 esse
236 2552 313 2605 Deos
332 2550 484 2617 sumpsisti.
521 2552 712 2605 Concedimus.
747 2554 866 2607 Beatum
877 2566 984 2612 antem

163 2619 484 2677 sinerirtuteneminem
500 2635 563 2672 esse
572 2635 664 2688 posse.
699 2623 732 2675 ld
742 2638 851 2693 quoque
862 2626 983 2691 demus,
