2084 3025
146 89 190 146 ΙΝ
207 88 426 143 Exslmulu.
462 86 713 180 cnr.1c.11.112
783 88 837 162 427

42 194 127 260 ttrsri,
133 209 167 249 ex
173 201 266 249 restra
277 194 446 246 auctoritate
457 193 604 247 ctPatrum
615 194 837 263 consumptorum

42 269 175 320 roluntote
185 265 252 318 feci:
263 265 288 315 si
300 264 385 332 rualui
396 265 573 316 inimicorum
583 264 742 332 cupiditati,
754 281 837 332 quarn

42 336 199 404 reipublicae
218 341 246 387 et
256 333 401 402 legitimae
415 334 577 387 auctoritati
588 349 694 401 poenas
706 334 836 386 sufferre:

42 415 66 459 rt
77 404 246 467 existimetis,
254 419 288 457 ex
298 403 349 455 illc
361 402 552 456 crudelissimo
565 404 739 454 inimicorum
750 403 835 468 impe·

41 492 66 527 :u
77 491 122 527 ere
140 480 198 527 tum
237 475 267 525 in
286 474 431 541 antiquum
447 478 554 525 statum
565 473 712 541 dignitatis
722 473 836 524 restitui
848 523 853 530 ,

42 544 193 615 convenire,
222 542 343 599 272(Sed
358 543 487 610 quoniam
507 558 596 610 neque
614 540 682 593 mihi
696 542 784 594 libero
797 541 837 592 lo·

42 614 142 684 luendi,
154 629 242 681 nuque
253 614 333 664 robis
345 613 497 665 clementer·
507 611 743 679 audiendumque·
751 611 838 662 omni·

42 703 69 737 ro
79 683 228 746 iudicandi,
250 698 403 749 paucorum
415 682 511 735 lurore
522 688 551 733 et
561 681 689 743 audacia,
708 680 785 732 facta
795 686 839 732 cst

42 760 168 819 retestas:
188 752 239 805 sed
255 768 390 821 oppressa
404 759 446 805 est
461 752 621 819 respublica
641 751 740 814 armis,
761 755 840 801 metu

42 823 180 876 lebilitata
190 822 302 886 servili,
322 824 366 873 uti
379 822 500 876 liberum
511 822 639 890 spiritum
649 819 770 872 ducendi
780 818 840 870 nul·

43 910 87 946 am
101 892 202 945 lrabeat
213 898 395 960 potestatem:
414 893 509 945 cedam
520 892 635 944 inermis
648 890 778 951 armatis,
798 889 839 939 iu·

42 979 133 1016 lucens
143 963 324 1025 nocentibus,
343 962 471 1029 priuatus
486 961 638 1014 furibundo
650 956 838 1028 magistratui.

42 1033 127 1100 leque
137 1030 211 1085 enim
223 1033 256 1095 Q.
262 1032 397 1085 Metellus
408 1032 558 1099 quidquam
572 1031 606 1084 de
616 1032 720 1082 virtute
731 1045 782 1080 sua
793 1028 839 1080 de·
858 1032 861 1038 '

43 1104 130 1165 rasit,
152 1101 226 1169 quod
247 1103 335 1155 cessit
353 1102 385 1154 L.
398 1100 547 1154 Saturnino
563 1099 681 1153 furenti:
702 1114 790 1166 neque
808 1100 838 1150 C.

42 1175 125 1235 lottu,
134 1170 473 1239 quon.VarioTribuno
486 1170 726 1239 plebiqinieriore
737 1183 859 1245 genero!

42 1247 103 1305 uto,
113 1241 265 1294 cedendum
276 1243 398 1310 putarit:
413 1259 504 1312 neque
515 1244 545 1294 0.
555 1241 678 1293 Marius:
691 1239 746 1307 qui,
758 1254 841 1305 quan·

43 1328 74 1363 cs
85 1311 270 1379 resgcsserit,
281 1319 375 1365 restra
384 1314 463 1365 volsis
474 1313 593 1364 libertas
604 1310 709 1363 indicio
720 1323 781 1361 csse
792 1322 842 1374 po·

43 1383 111 1434 erit:
131 1397 220 1449 neque
239 1382 361 1435 veroid.
378 1382 489 1437 Tullius
510 1398 591 1434 suum
607 1382 730 1433 animum
747 1385 842 1431 restra
868 1396 871 1403 ·

42 1451 204 1504 dsalienarit
214 1452 369 1519 potestate,
389 1467 472 1520 quum
484 1451 665 1520 praecipuum
676 1448 756 1501 volsis
767 1447 843 1500 olisi-

42 1523 95 1575 lem
111 1523 156 1573 sui
175 1522 262 1573 animi
281 1528 403 1574 restrum
424 1522 572 1590 reliquerit
592 1522 762 1573 libertatern.
796 1519 841 1571 28.

42 1592 220 1654 luamobrem
231 1599 320 1644 testor
329 1592 405 1644 Deos
411 1591 541 1659 Deosque
551 1606 647 1644 omnes
657 1589 841 1650 immortales,

42 1667 192 1728 'estrasque
203 1663 323 1713 maxime
335 1667 456 1724 montes,
478 1678 524 1714 me
539 1677 596 1713 non
606 1661 682 1712 ritae
692 1658 843 1726 turpitudi-

42 1748 73 1793 ιε,
94 1747 150 1782 non
162 1747 212 1798 pro
224 1731 415 1798 magnitudine
423 1732 569 1794 scelerum,
587 1744 643 1781 non
653 1734 768 1797 propter
777 1728 842 1781 reli·
906 1780 919 1791 ,

42 1816 101 1868 quoe
111 1802 217 1853 aetatis
228 1799 382 1863 infamiam,
401 1816 505 1867 poenas
516 1801 577 1851 iure
588 1804 617 1852 et
628 1799 690 1866 lege
703 1798 842 1865 persolve·

43 1889 71 1923 e:
95 1870 145 1922 sed
156 1876 271 1938 propter
280 1865 394 1922 virtutis
406 1870 553 1932 invidiam,
576 1874 692 1936 propter
702 1867 841 1921 iucundis

42 1942 128 1992 imam
139 1940 248 2007 ingenii
258 1940 502 2007 laudem,prcpter
513 1938 735 2008 magnitudinem
747 1953 841 1988 rerum

42 2008 381 2073 :estarum,crudelissime
390 2010 506 2061 civitate
515 2003 755 2076 privarieruodsi
765 2008 842 2058 idem
908 2013 911 2018 ‘

44 2080 130 2132 ccidit
141 2081 175 2143 Q.
187 2079 332 2145 Caepioni,
342 2078 515 2143 siMancino‚
526 2080 551 2130 si
560 2074 763 2143 Rutilic'gmihi
774 2091 842 2143 quo·

42 2165 81 2217 ue
102 2148 158 2201 lroc
179 2150 314 2204 accidisse
336 2163 392 2201 non
412 2163 582 2216 magnopere
601 2148 655 2199 erit
675 2146 842 2210 mirandum,

42 2235 113 2286 uum
123 2220 293 2286 praesertim
304 2233 360 2269 non
370 2220 481 2287 generis
493 2220 673 2286 antiquitate,
695 2215 744 2267 sed
755 2216 843 2267 virtu-

42 2290 65 2341 is
76 2289 254 2342 ornamentis
266 2304 401 2341 summam
414 2288 525 2340 laudern
537 2290 588 2339 sim
596 2281 842 2339 consecutusFXll.

42 2360 69 2412 9.
81 2359 177 2413 >Nunc
187 2374 239 2427 ego
248 2373 309 2423 ros,
321 2359 430 2426 equites
439 2358 566 2422 Romani,
578 2358 714 2419 obtestor,
725 2371 843 2424 quorum

42 2432 135 2482 irtute
146 2445 249 2482 nomen
259 2430 414 2482 Romanum
425 2430 575 2483 victoriam
586 2443 649 2482 cum
659 2426 744 2479 lnude
755 2427 844 2493 possi·

44 2507 74 2552 ct
86 2501 275 2563 coniunctam,
298 2513 414 2568 quorum
426 2500 507 2553 lactis
519 2500 677 2567 gloriantur
687 2497 771 2560 cives,
787 2497 844 2549 lae·
931 2501 935 2504 ’

42 2577 126 2623 antur
147 2571 232 2648 socii,
254 2578 371 2639 gemunt
390 2570 498 2625 lrostest
519 2577 564 2637 ut,
578 2570 608 2624 si
625 2584 695 2650 erga
704 2583 758 2617 vos
767 2565 843 2619 ouini

42 2653 158 2708 impure
171 2644 277 2710 optime
287 2636 329 2689 lui
339 2643 488 2704 ammatus,
502 2638 600 2709 simea
609 2635 736 2705 pericula
747 2635 842 2709 negle·
