<?xml version="1.0" encoding="UTF-8"?>
<!DOCTYPE html PUBLIC "-//W3C//DTD XHTML 1.0 Transitional//EN"
    "http://www.w3.org/TR/xhtml1/DTD/xhtml1-transitional.dtd">
<html xmlns="http://www.w3.org/1999/xhtml" xml:lang="en" lang="en">
 <head>
  <title>
</title>
<meta http-equiv="Content-Type" content="text/html;charset=utf-8" />
  <meta name='ocr-system' content='tesseract 3.04.00' />
  <meta name='ocr-capabilities' content='ocr_page ocr_carea ocr_par ocr_line ocrx_word'/>
</head>
<body>
  <div class='ocr_page' id='page_1' title='image "./opera00nobbgoog/opera00nobbgoog_0280.png"; bbox 0 0 2084 3025; ppageno 0'>
   <div class='ocr_carea' id='block_1_1' title="bbox 184 184 797 247">
    <p class='ocr_par' dir='ltr' id='par_1_1' title="bbox 184 184 797 247">
     <span class='ocr_line' id='line_1_1' title="bbox 184 184 797 247; baseline -0.003 -7"><span class='ocrx_word' id='word_1_1' title='bbox 184 190 233 242; x_wconf 80' lang='lat'>182</span> <span class='ocrx_word' id='word_1_2' title='bbox 262 244 266 247; x_wconf 74' lang='grc'><strong>,</strong></span> <span class='ocrx_word' id='word_1_3' title='bbox 399 184 797 241; x_wconf 69' lang='lat' dir='ltr'><strong>DE01V1NAT10NE··</strong></span> 
     </span>
    </p>
   </div>
   <div class='ocr_carea' id='block_1_2' title="bbox 122 288 994 916">
    <p class='ocr_par' dir='ltr' id='par_1_2' title="bbox 122 288 994 916">
     <span class='ocr_line' id='line_1_2' title="bbox 182 288 992 362; baseline -0.004 -15"><span class='ocrx_word' id='word_1_4' title='bbox 182 288 233 362; x_wconf 84' lang='lat' dir='ltr'>pro</span> <span class='ocrx_word' id='word_1_5' title='bbox 244 306 279 346; x_wconf 86' lang='lat' dir='ltr'>oo</span> <span class='ocrx_word' id='word_1_6' title='bbox 289 291 445 344; x_wconf 78' lang='lat' dir='ltr'>Lanuvium</span> <span class='ocrx_word' id='word_1_7' title='bbox 463 296 554 343; x_wconf 91' lang='lat' dir='ltr'>totum</span> <span class='ocrx_word' id='word_1_8' title='bbox 566 288 770 343; x_wconf 74' lang='lat' dir='ltr'>mentiebatnri</span> <span class='ocrx_word' id='word_1_9' title='bbox 789 288 845 352; x_wconf 78' lang='lat' dir='ltr'>uui</span> <span class='ocrx_word' id='word_1_10' title='bbox 854 305 939 360; x_wconf 86' lang='lat' dir='ltr'>quum</span> <span class='ocrx_word' id='word_1_11' title='bbox 950 307 992 344; x_wconf 88' lang='lat' dir='ltr'>es·</span> 
     </span>
     <span class='ocr_line' id='line_1_3' title="bbox 182 359 993 429; baseline -0.002 -13"><span class='ocrx_word' id='word_1_12' title='bbox 182 370 228 416; x_wconf 81' lang='lat' dir='ltr'>sat</span> <span class='ocrx_word' id='word_1_13' title='bbox 240 362 436 425; x_wconf 85' lang='lat' dir='ltr'>incunabulis,</span> <span class='ocrx_word' id='word_1_14' title='bbox 457 360 676 428; x_wconf 80' lang='lat' dir='ltr'>educareturque</span> <span class='ocrx_word' id='word_1_15' title='bbox 690 360 720 411; x_wconf 89' lang='lat' dir='ltr'>in</span> <span class='ocrx_word' id='word_1_16' title='bbox 731 359 859 422; x_wconf 85' lang='lat' dir='ltr'>Solonio,</span> <span class='ocrx_word' id='word_1_17' title='bbox 883 362 932 429; x_wconf 89' lang='lat' dir='ltr'>qui</span> <span class='ocrx_word' id='word_1_18' title='bbox 947 367 993 414; x_wconf 82' lang='lat' dir='ltr'>est</span> 
     </span>
     <span class='ocr_line' id='line_1_4' title="bbox 182 430 992 500; baseline -0.004 -14"><span class='ocrx_word' id='word_1_19' title='bbox 182 447 297 500; x_wconf 89' lang='lat' dir='ltr'>campus</span> <span class='ocrx_word' id='word_1_20' title='bbox 308 431 530 499; x_wconf 77' lang='lat' dir='ltr'>ugriLanuvinl3</span> <span class='ocrx_word' id='word_1_21' title='bbox 551 437 649 493; x_wconf 88' lang='lat' dir='ltr'>noctu,</span> <span class='ocrx_word' id='word_1_22' title='bbox 668 430 771 482; x_wconf 84' lang='lat' dir='ltr'>lumino</span> <span class='ocrx_word' id='word_1_23' title='bbox 782 432 924 497; x_wconf 84' lang='lat' dir='ltr'>apposito,</span> <span class='ocrx_word' id='word_1_24' title='bbox 945 443 992 483; x_wconf 79' lang='lat' dir='ltr'>ex·</span> 
     </span>
     <span class='ocr_line' id='line_1_5' title="bbox 182 499 994 572; baseline -0.002 -18"><span class='ocrx_word' id='word_1_25' title='bbox 182 508 310 572; x_wconf 79' lang='lat' dir='ltr'>porrecta</span> <span class='ocrx_word' id='word_1_26' title='bbox 331 503 426 553; x_wconf 84' lang='lat' dir='ltr'>nutrix</span> <span class='ocrx_word' id='word_1_27' title='bbox 451 500 650 553; x_wconf 81' lang='lat' dir='ltr'>animadvortit</span> <span class='ocrx_word' id='word_1_28' title='bbox 668 514 784 566; x_wconf 86' lang='lat' dir='ltr'>puerum</span> <span class='ocrx_word' id='word_1_29' title='bbox 804 499 994 553; x_wconf 83' lang='lat' dir='ltr'>dormientem</span> 
     </span>
     <span class='ocr_line' id='line_1_6' title="bbox 171 564 992 638; baseline -0.004 -14"><span class='ocrx_word' id='word_1_30' title='bbox 171 571 422 638; x_wconf 80' lang='lat' dir='ltr'>circumplicatum</span> <span class='ocrx_word' id='word_1_31' title='bbox 443 571 580 638; x_wconf 85' lang='lat' dir='ltr'>serpentis</span> <span class='ocrx_word' id='word_1_32' title='bbox 601 569 745 636; x_wconf 82' lang='lat' dir='ltr'>amplexu:</span> <span class='ocrx_word' id='word_1_33' title='bbox 760 585 832 637; x_wconf 67' lang='lat' dir='ltr'>‚quo</span> <span class='ocrx_word' id='word_1_34' title='bbox 856 564 992 636; x_wconf 77' lang='lat' dir='ltr'>adspectu</span> 
     </span>
     <span class='ocr_line' id='line_1_7' title="bbox 122 639 992 705; baseline -0.002 -11"><span class='ocrx_word' id='word_1_35' title='bbox 122 653 124 657; x_wconf 86' lang='grc'><strong>’</strong></span> <span class='ocrx_word' id='word_1_36' title='bbox 173 642 326 705; x_wconf 67' lang='lat' dir='ltr'>exterrita,</span> <span class='ocrx_word' id='word_1_37' title='bbox 339 642 488 693; x_wconf 86' lang='lat' dir='ltr'>clamorem</span> <span class='ocrx_word' id='word_1_38' title='bbox 499 639 623 691; x_wconf 76' lang='lat' dir='ltr'>sustulit.</span> <span class='ocrx_word' id='word_1_39' title='bbox 648 639 731 691; x_wconf 79' lang='lat' dir='ltr'>Potor</span> <span class='ocrx_word' id='word_1_40' title='bbox 741 642 833 703; x_wconf 84' lang='lat' dir='ltr'>auteui</span> <span class='ocrx_word' id='word_1_41' title='bbox 846 639 943 691; x_wconf 82' lang='lat' dir='ltr'>Roscii</span> <span class='ocrx_word' id='word_1_42' title='bbox 954 640 992 692; x_wconf 87' lang='lat' dir='ltr'>ad</span> 
     </span>
     <span class='ocr_line' id='line_1_8' title="bbox 181 708 993 778; baseline -0.011 -16"><span class='ocrx_word' id='word_1_43' title='bbox 181 711 342 778; x_wconf 84' lang='lat' dir='ltr'>haruspices</span> <span class='ocrx_word' id='word_1_44' title='bbox 354 711 465 763; x_wconf 79' lang='lat' dir='ltr'>retulit:</span> <span class='ocrx_word' id='word_1_45' title='bbox 497 709 553 771; x_wconf 78' lang='lat' dir='ltr'>Qui</span> <span class='ocrx_word' id='word_1_46' title='bbox 562 709 771 775; x_wconf 83' lang='lat' dir='ltr'>responderunt,</span> <span class='ocrx_word' id='word_1_47' title='bbox 782 708 853 761; x_wconf 88' lang='lat' dir='ltr'>nihil</span> <span class='ocrx_word' id='word_1_48' title='bbox 861 709 914 760; x_wconf 92' lang='lat' dir='ltr'>illo</span> <span class='ocrx_word' id='word_1_49' title='bbox 925 723 993 775; x_wconf 85' lang='lat' dir='ltr'>pue.</span> 
     </span>
     <span class='ocr_line' id='line_1_9' title="bbox 174 776 992 845; baseline -0.005 -11"><span class='ocrx_word' id='word_1_50' title='bbox 174 796 214 835; x_wconf 62' lang='lat' dir='ltr'>vro</span> <span class='ocrx_word' id='word_1_51' title='bbox 229 781 346 844; x_wconf 85' lang='lat' dir='ltr'>clarius,</span> <span class='ocrx_word' id='word_1_52' title='bbox 364 779 567 832; x_wconf 80' lang='lat' dir='ltr'>nihil&#39;nobilius</span> <span class='ocrx_word' id='word_1_53' title='bbox 579 780 648 831; x_wconf 81' lang='lat' dir='ltr'>fore.</span> <span class='ocrx_word' id='word_1_54' title='bbox 684 780 775 845; x_wconf 80' lang='lat' dir='ltr'>Atque</span> <span class='ocrx_word' id='word_1_55' title='bbox 786 776 857 830; x_wconf 88' lang='lat' dir='ltr'>hanc</span> <span class='ocrx_word' id='word_1_56' title='bbox 866 779 992 845; x_wconf 81' lang='lat' dir='ltr'>speciem</span> 
     </span>
     <span class='ocr_line' id='line_1_10' title="bbox 181 846 992 916; baseline -0.005 -12"><span class='ocrx_word' id='word_1_57' title='bbox 181 851 338 905; x_wconf 81' lang='lat' dir='ltr'>Praxiteles</span> <span class='ocrx_word' id='word_1_58' title='bbox 354 850 474 903; x_wconf 81' lang='lat' dir='ltr'>caelavit</span> <span class='ocrx_word' id='word_1_59' title='bbox 489 855 620 916; x_wconf 80' lang='lat' dir='ltr'>argento,</span> <span class='ocrx_word' id='word_1_60' title='bbox 641 855 670 901; x_wconf 80' lang='lat' dir='ltr'>et</span> <span class='ocrx_word' id='word_1_61' title='bbox 684 854 781 900; x_wconf 88' lang='lat' dir='ltr'>noster</span> <span class='ocrx_word' id='word_1_62' title='bbox 791 849 930 915; x_wconf 77' lang='lat' dir='ltr'>&#39;expressit</span> <span class='ocrx_word' id='word_1_63' title='bbox 941 846 992 900; x_wconf 56' lang='lat' dir='ltr'>Arss</span> 
     </span>
    </p>
   </div>
   <div class='ocr_carea' id='block_1_3' title="bbox 102 914 991 985">
    <p class='ocr_par' dir='ltr' id='par_1_3' title="bbox 102 914 991 985">
     <span class='ocr_line' id='line_1_11' title="bbox 102 914 991 985; baseline -0.009 -9"><span class='ocrx_word' id='word_1_64' title='bbox 102 914 115 923; x_wconf 77' lang='grc'><strong>’</strong></span> <span class='ocrx_word' id='word_1_65' title='bbox 183 921 259 975; x_wconf 83' lang='lat' dir='ltr'>chius</span> <span class='ocrx_word' id='word_1_66' title='bbox 279 920 412 974; x_wconf 85' lang='lat' dir='ltr'>versibus.</span> <span class='ocrx_word' id='word_1_67' title='bbox 449 918 522 982; x_wconf 76' lang='lat' dir='ltr'>Quid</span> <span class='ocrx_word' id='word_1_68' title='bbox 537 919 623 985; x_wconf 77' lang='lat' dir='ltr'>igitur</span> <span class='ocrx_word' id='word_1_69' title='bbox 641 918 850 984; x_wconf 70' lang='lat' dir='ltr'>exspectamus!</span> <span class='ocrx_word' id='word_1_70' title='bbox 870 933 908 969; x_wconf 86' lang='lat' dir='ltr'>an</span> <span class='ocrx_word' id='word_1_71' title='bbox 923 917 991 969; x_wconf 86' lang='lat' dir='ltr'>dum</span> 
     </span>
    </p>
   </div>
   <div class='ocr_carea' id='block_1_4' title="bbox 181 987 992 1125">
    <p class='ocr_par' dir='ltr' id='par_1_4' title="bbox 181 987 992 1125">
     <span class='ocr_line' id='line_1_12' title="bbox 181 987 992 1050; baseline -0.005 -6"><span class='ocrx_word' id='word_1_72' title='bbox 181 993 211 1044; x_wconf 91' lang='lat' dir='ltr'>in</span> <span class='ocrx_word' id='word_1_73' title='bbox 222 990 285 1044; x_wconf 80' lang='lat' dir='ltr'>loro</span> <span class='ocrx_word' id='word_1_74' title='bbox 295 990 437 1042; x_wconf 88' lang='lat' dir='ltr'>nobiscum</span> <span class='ocrx_word' id='word_1_75' title='bbox 447 989 494 1039; x_wconf 88' lang='lat' dir='ltr'>Dii</span> <span class='ocrx_word' id='word_1_76' title='bbox 504 988 688 1050; x_wconf 83' lang='lat' dir='ltr'>immortales,</span> <span class='ocrx_word' id='word_1_77' title='bbox 700 987 766 1038; x_wconf 89' lang='lat' dir='ltr'>dum</span> <span class='ocrx_word' id='word_1_78' title='bbox 777 987 806 1038; x_wconf 93' lang='lat' dir='ltr'>in</span> <span class='ocrx_word' id='word_1_79' title='bbox 815 988 869 1039; x_wconf 84' lang='lat' dir='ltr'>riis</span> <span class='ocrx_word' id='word_1_80' title='bbox 878 1002 992 1040; x_wconf 79' lang='lat' dir='ltr'>versen-</span> 
     </span>
     <span class='ocr_line' id='line_1_13' title="bbox 181 1056 991 1125; baseline -0.002 -14"><span class='ocrx_word' id='word_1_81' title='bbox 181 1068 242 1123; x_wconf 88' lang='lat' dir='ltr'>tur,</span> <span class='ocrx_word' id='word_1_82' title='bbox 262 1060 328 1111; x_wconf 90' lang='lat' dir='ltr'>dum</span> <span class='ocrx_word' id='word_1_83' title='bbox 342 1057 436 1112; x_wconf 70' lang='lat' dir='ltr'>domii</span> <span class='ocrx_word' id='word_1_84' title='bbox 457 1057 632 1125; x_wconf 84' lang='lat' dir='ltr'>quiquidem</span> <span class='ocrx_word' id='word_1_85' title='bbox 648 1056 702 1123; x_wconf 89' lang='lat' dir='ltr'>ipsi</span> <span class='ocrx_word' id='word_1_86' title='bbox 716 1072 747 1109; x_wconf 88' lang='lat' dir='ltr'>se</span> <span class='ocrx_word' id='word_1_87' title='bbox 761 1057 841 1108; x_wconf 89' lang='lat' dir='ltr'>nohis</span> <span class='ocrx_word' id='word_1_88' title='bbox 857 1072 913 1109; x_wconf 92' lang='lat' dir='ltr'>non</span> <span class='ocrx_word' id='word_1_89' title='bbox 923 1057 991 1109; x_wconf 78' lang='lat' dir='ltr'>offe·</span> 
     </span>
    </p>
   </div>
   <div class='ocr_carea' id='block_1_5' title="bbox 105 1126 992 1194">
    <p class='ocr_par' dir='ltr' id='par_1_5' title="bbox 105 1126 992 1194">
     <span class='ocr_line' id='line_1_14' title="bbox 105 1126 992 1194; baseline -0.005 -11"><span class='ocrx_word' id='word_1_90' title='bbox 105 1175 114 1183; x_wconf 83' lang='grc'><strong><em>,</em></strong></span> <span class='ocrx_word' id='word_1_91' title='bbox 180 1130 317 1192; x_wconf 65' lang='lat' dir='ltr'>runtvim</span> <span class='ocrx_word' id='word_1_92' title='bbox 329 1136 422 1181; x_wconf 82' lang='lat' dir='ltr'>autom</span> <span class='ocrx_word' id='word_1_93' title='bbox 433 1126 894 1194; x_wconf 85' lang='lat' dir='ltr'>suamlongelatequcdilfundunt:</span> <span class='ocrx_word' id='word_1_94' title='bbox 906 1142 992 1194; x_wconf 81' lang='lat' dir='ltr'>quam</span> 
     </span>
    </p>
   </div>
   <div class='ocr_carea' id='block_1_6' title="bbox 119 1195 995 1961">
    <p class='ocr_par' dir='ltr' id='par_1_6' title="bbox 119 1195 995 1961">
     <span class='ocr_line' id='line_1_15' title="bbox 181 1195 993 1268; baseline -0.002 -18"><span class='ocrx_word' id='word_1_95' title='bbox 181 1214 264 1268; x_wconf 87' lang='lat' dir='ltr'>quum</span> <span class='ocrx_word' id='word_1_96' title='bbox 276 1205 370 1251; x_wconf 83' lang='lat' dir='ltr'>terrae</span> <span class='ocrx_word' id='word_1_97' title='bbox 379 1197 504 1250; x_wconf 83' lang='lat' dir='ltr'>cavernis</span> <span class='ocrx_word' id='word_1_98' title='bbox 515 1196 671 1258; x_wconf 89' lang='lat' dir='ltr'>includunt,</span> <span class='ocrx_word' id='word_1_99' title='bbox 687 1205 745 1248; x_wconf 90' lang='lat' dir='ltr'>tum</span> <span class='ocrx_word' id='word_1_100' title='bbox 756 1195 901 1247; x_wconf 89' lang='lat' dir='ltr'>hominum</span> <span class='ocrx_word' id='word_1_101' title='bbox 912 1203 993 1248; x_wconf 90' lang='lat' dir='ltr'>natu·</span> 
     </span>
     <span class='ocr_line' id='line_1_16' title="bbox 182 1265 993 1336; baseline -0.005 -15"><span class='ocrx_word' id='word_1_102' title='bbox 182 1271 222 1321; x_wconf 82' lang='lat' dir='ltr'>ris</span> <span class='ocrx_word' id='word_1_103' title='bbox 232 1268 386 1336; x_wconf 83' lang='lat' dir='ltr'>implicant.</span> <span class='ocrx_word' id='word_1_104' title='bbox 414 1265 487 1318; x_wconf 90' lang='lat' dir='ltr'>Nam</span> <span class='ocrx_word' id='word_1_105' title='bbox 498 1273 591 1319; x_wconf 84' lang='lat' dir='ltr'>terrac</span> <span class='ocrx_word' id='word_1_106' title='bbox 600 1268 643 1318; x_wconf 82' lang='lat' dir='ltr'>vis</span> <span class='ocrx_word' id='word_1_107' title='bbox 654 1266 783 1333; x_wconf 87' lang='lat' dir='ltr'>Pythiam</span> <span class='ocrx_word' id='word_1_108' title='bbox 793 1265 912 1332; x_wconf 83' lang='lat' dir='ltr'>Delphis</span> <span class='ocrx_word' id='word_1_109' title='bbox 924 1267 993 1317; x_wconf 87' lang='lat' dir='ltr'>inci·</span> 
     </span>
     <span class='ocr_line' id='line_1_17' title="bbox 119 1332 992 1405; baseline -0.006 -13"><span class='ocrx_word' id='word_1_110' title='bbox 119 1359 128 1367; x_wconf 78' lang='grc'><em>·</em></span> <span class='ocrx_word' id='word_1_111' title='bbox 181 1340 269 1401; x_wconf 84' lang='lat' dir='ltr'>tabat,</span> <span class='ocrx_word' id='word_1_112' title='bbox 288 1346 404 1391; x_wconf 87' lang='lat' dir='ltr'>naturae</span> <span class='ocrx_word' id='word_1_113' title='bbox 415 1332 575 1405; x_wconf 55' lang='lat' dir='ltr'>Sibyllam„</span> <span class='ocrx_word' id='word_1_114' title='bbox 600 1335 773 1396; x_wconf 74' lang='lat' dir='ltr'>Quidenimi</span> <span class='ocrx_word' id='word_1_115' title='bbox 789 1335 992 1399; x_wconf 72' lang='lat' dir='ltr'>considemus,</span> 
     </span>
     <span class='ocr_line' id='line_1_18' title="bbox 173 1405 992 1476; baseline -0.004 -17"><span class='ocrx_word' id='word_1_116' title='bbox 173 1424 265 1476; x_wconf 79' lang='lat' dir='ltr'>¹quam</span> <span class='ocrx_word' id='word_1_117' title='bbox 276 1409 332 1461; x_wconf 87' lang='lat' dir='ltr'>sint</span> <span class='ocrx_word' id='word_1_118' title='bbox 346 1408 427 1460; x_wconf 84' lang='lat' dir='ltr'>varia</span> <span class='ocrx_word' id='word_1_119' title='bbox 440 1413 578 1459; x_wconf 86' lang='lat' dir='ltr'>terrarum</span> <span class='ocrx_word' id='word_1_120' title='bbox 587 1421 703 1473; x_wconf 80' lang='lat' dir='ltr'>genera3</span> <span class='ocrx_word' id='word_1_121' title='bbox 723 1420 758 1457; x_wconf 82' lang='lat' dir='ltr'>ex</span> <span class='ocrx_word' id='word_1_122' title='bbox 770 1405 869 1471; x_wconf 89' lang='lat' dir='ltr'>quibus</span> <span class='ocrx_word' id='word_1_123' title='bbox 879 1412 908 1456; x_wconf 82' lang='lat' dir='ltr'>et</span> <span class='ocrx_word' id='word_1_124' title='bbox 919 1420 992 1457; x_wconf 77' lang='lat' dir='ltr'>nrisr-</span> 
     </span>
     <span class='ocr_line' id='line_1_19' title="bbox 122 1474 993 1547; baseline -0.008 -15"><span class='ocrx_word' id='word_1_125' title='bbox 122 1480 129 1489; x_wconf 79' lang='grc'><em>“</em></span> <span class='ocrx_word' id='word_1_126' title='bbox 182 1479 267 1532; x_wconf 81' lang='lat' dir='ltr'>tifera</span> <span class='ocrx_word' id='word_1_127' title='bbox 277 1478 412 1547; x_wconf 88' lang='lat' dir='ltr'>quaedam</span> <span class='ocrx_word' id='word_1_128' title='bbox 422 1491 488 1546; x_wconf 86' lang='lat' dir='ltr'>pars</span> <span class='ocrx_word' id='word_1_129' title='bbox 500 1482 552 1539; x_wconf 87' lang='lat' dir='ltr'>est,</span> <span class='ocrx_word' id='word_1_130' title='bbox 562 1483 592 1528; x_wconf 88' lang='lat' dir='ltr'>ut</span> <span class='ocrx_word' id='word_1_131' title='bbox 604 1481 632 1528; x_wconf 84' lang='lat' dir='ltr'>et</span> <span class='ocrx_word' id='word_1_132' title='bbox 643 1475 804 1543; x_wconf 79' lang='lat' dir='ltr'>Ampsancti</span> <span class='ocrx_word' id='word_1_133' title='bbox 817 1474 843 1525; x_wconf 90' lang='lat' dir='ltr'>in</span> <span class='ocrx_word' id='word_1_134' title='bbox 853 1475 993 1541; x_wconf 87' lang='lat' dir='ltr'>Hirpinis,</span> 
     </span>
     <span class='ocr_line' id='line_1_20' title="bbox 182 1546 994 1613; baseline -0.009 -10"><span class='ocrx_word' id='word_1_135' title='bbox 182 1557 211 1603; x_wconf 83' lang='lat' dir='ltr'>et</span> <span class='ocrx_word' id='word_1_136' title='bbox 229 1551 257 1602; x_wconf 87' lang='lat' dir='ltr'>in</span> <span class='ocrx_word' id='word_1_137' title='bbox 271 1551 338 1603; x_wconf 80' lang='lat' dir='ltr'>Asia</span> <span class='ocrx_word' id='word_1_138' title='bbox 352 1548 499 1609; x_wconf 84' lang='lat' dir='ltr'>Plutonia,</span> <span class='ocrx_word' id='word_1_139' title='bbox 519 1562 590 1613; x_wconf 89' lang='lat' dir='ltr'>quae</span> <span class='ocrx_word' id='word_1_140' title='bbox 610 1546 744 1596; x_wconf 82' lang='lat' dir='ltr'>vidimus:</span> <span class='ocrx_word' id='word_1_141' title='bbox 765 1552 793 1596; x_wconf 90' lang='lat' dir='ltr'>ct</span> <span class='ocrx_word' id='word_1_142' title='bbox 811 1552 876 1596; x_wconf 88' lang='lat' dir='ltr'>sunt</span> <span class='ocrx_word' id='word_1_143' title='bbox 896 1552 994 1611; x_wconf 84' lang='lat' dir='ltr'>partos</span> 
     </span>
     <span class='ocr_line' id='line_1_21' title="bbox 173 1614 993 1690; baseline -0.009 -17"><span class='ocrx_word' id='word_1_144' title='bbox 173 1635 314 1690; x_wconf 65' lang='lat' dir='ltr'>‘agrorum</span> <span class='ocrx_word' id='word_1_145' title='bbox 327 1620 399 1672; x_wconf 85' lang='lat' dir='ltr'>aliae</span> <span class='ocrx_word' id='word_1_146' title='bbox 410 1617 583 1685; x_wconf 81' lang='lat' dir='ltr'>pestilentes,</span> <span class='ocrx_word' id='word_1_147' title='bbox 593 1615 666 1667; x_wconf 84' lang='lat' dir='ltr'>alian</span> <span class='ocrx_word' id='word_1_148' title='bbox 675 1614 811 1676; x_wconf 82' lang='lat' dir='ltr'>salubres,</span> <span class='ocrx_word' id='word_1_149' title='bbox 825 1615 908 1678; x_wconf 86' lang='lat' dir='ltr'>aliae,</span> <span class='ocrx_word' id='word_1_150' title='bbox 919 1631 993 1681; x_wconf 84' lang='lat' dir='ltr'>quae</span> 
     </span>
     <span class='ocr_line' id='line_1_22' title="bbox 181 1684 994 1759; baseline -0.012 -14"><span class='ocrx_word' id='word_1_151' title='bbox 181 1698 274 1745; x_wconf 75' lang='lat' dir='ltr'>acuta</span> <span class='ocrx_word' id='word_1_152' title='bbox 283 1689 396 1759; x_wconf 83' lang='lat' dir='ltr'>ingonia</span> <span class='ocrx_word' id='word_1_153' title='bbox 416 1690 545 1755; x_wconf 78' lang='lat' dir='ltr'>gignant,</span> <span class='ocrx_word' id='word_1_154' title='bbox 566 1686 655 1747; x_wconf 86' lang='lat' dir='ltr'>aliae,</span> <span class='ocrx_word' id='word_1_155' title='bbox 678 1700 749 1753; x_wconf 88' lang='lat' dir='ltr'>quac</span> <span class='ocrx_word' id='word_1_156' title='bbox 770 1692 875 1736; x_wconf 85' lang='lat' dir='ltr'>retusa.</span> <span class='ocrx_word' id='word_1_157' title='bbox 912 1684 994 1745; x_wconf 75' lang='lat' dir='ltr'>Quae</span> 
     </span>
     <span class='ocr_line' id='line_1_23' title="bbox 183 1753 995 1827; baseline -0.007 -14"><span class='ocrx_word' id='word_1_158' title='bbox 183 1761 275 1813; x_wconf 82' lang='lat' dir='ltr'>omnin</span> <span class='ocrx_word' id='word_1_159' title='bbox 292 1760 361 1827; x_wconf 81' lang='lat' dir='ltr'>liunt</span> <span class='ocrx_word' id='word_1_160' title='bbox 378 1764 407 1809; x_wconf 86' lang='lat' dir='ltr'>et</span> <span class='ocrx_word' id='word_1_161' title='bbox 417 1773 450 1809; x_wconf 85' lang='lat' dir='ltr'>ox</span> <span class='ocrx_word' id='word_1_162' title='bbox 463 1756 536 1808; x_wconf 80' lang='lat' dir='ltr'>caeli</span> <span class='ocrx_word' id='word_1_163' title='bbox 545 1755 695 1820; x_wconf 75' lang='lat' dir='ltr'>varietate,</span> <span class='ocrx_word' id='word_1_164' title='bbox 717 1762 747 1808; x_wconf 81' lang='lat' dir='ltr'>et</span> <span class='ocrx_word' id='word_1_165' title='bbox 761 1769 796 1807; x_wconf 83' lang='lat' dir='ltr'>ex</span> <span class='ocrx_word' id='word_1_166' title='bbox 805 1753 934 1821; x_wconf 87' lang='lat' dir='ltr'>disparili</span> <span class='ocrx_word' id='word_1_167' title='bbox 944 1754 995 1807; x_wconf 90' lang='lat' dir='ltr'>ad·</span> 
     </span>
     <span class='ocr_line' id='line_1_24' title="bbox 182 1829 720 1897; baseline -0.017 -15"><span class='ocrx_word' id='word_1_168' title='bbox 182 1830 336 1897; x_wconf 83' lang='lat' dir='ltr'>spiratione</span> <span class='ocrx_word' id='word_1_169' title='bbox 352 1834 499 1879; x_wconf 88' lang='lat' dir='ltr'>terrarum.</span> <span class='ocrx_word' id='word_1_170' title='bbox 718 1829 720 1836; x_wconf 73' lang='grc'><strong><em>”</em></strong></span> 
     </span>
     <span class='ocr_line' id='line_1_25' title="bbox 174 1893 993 1961; baseline -0.011 -9"><span class='ocrx_word' id='word_1_171' title='bbox 174 1913 177 1922; x_wconf 88' lang='grc'><strong><em>’</em></strong></span> <span class='ocrx_word' id='word_1_172' title='bbox 234 1900 278 1952; x_wconf 82' lang='grc'>80.</span> <span class='ocrx_word' id='word_1_173' title='bbox 296 1898 342 1950; x_wconf 87' lang='lat' dir='ltr'>Fit</span> <span class='ocrx_word' id='word_1_174' title='bbox 353 1897 438 1949; x_wconf 86' lang='lat' dir='ltr'>etiam</span> <span class='ocrx_word' id='word_1_175' title='bbox 449 1893 775 1961; x_wconf 84' lang='lat' dir='ltr'>saepespecicquadam,</span> <span class='ocrx_word' id='word_1_176' title='bbox 795 1907 993 1960; x_wconf 78' lang='lat' dir='ltr'>saeperocum</span> 
     </span>
    </p>
   </div>
   <div class='ocr_carea' id='block_1_7' title="bbox 87 1961 993 2036">
    <p class='ocr_par' dir='ltr' id='par_1_7' title="bbox 87 1961 993 2036">
     <span class='ocr_line' id='line_1_26' title="bbox 87 1961 993 2036; baseline -0.003 -18"><span class='ocrx_word' id='word_1_177' title='bbox 87 2011 89 2018; x_wconf 84' lang='lat'>.</span> <span class='ocrx_word' id='word_1_178' title='bbox 176 1969 321 2036; x_wconf 61' lang='lat' dir='ltr'>gravitate</span> <span class='ocrx_word' id='word_1_179' title='bbox 338 1972 367 2019; x_wconf 80' lang='lat' dir='ltr'>et</span> <span class='ocrx_word' id='word_1_180' title='bbox 382 1965 524 2027; x_wconf 88' lang='lat' dir='ltr'>cantibus,</span> <span class='ocrx_word' id='word_1_181' title='bbox 544 1971 576 2015; x_wconf 91' lang='lat' dir='ltr'>ut</span> <span class='ocrx_word' id='word_1_182' title='bbox 592 1964 733 2030; x_wconf 85' lang='lat' dir='ltr'>pellantur</span> <span class='ocrx_word' id='word_1_183' title='bbox 749 1963 834 2015; x_wconf 84' lang='lat' dir='ltr'>animi</span> <span class='ocrx_word' id='word_1_184' title='bbox 845 1961 993 2017; x_wconf 75' lang='lat' dir='ltr'>schemen·</span> 
     </span>
    </p>
   </div>
   <div class='ocr_carea' id='block_1_8' title="bbox 182 2033 995 2229">
    <p class='ocr_par' dir='ltr' id='par_1_8' title="bbox 182 2033 995 2229">
     <span class='ocr_line' id='line_1_27' title="bbox 182 2033 931 2103; baseline -0.009 -13"><span class='ocrx_word' id='word_1_185' title='bbox 182 2040 250 2090; x_wconf 83' lang='lat' dir='ltr'>tius:</span> <span class='ocrx_word' id='word_1_186' title='bbox 271 2051 356 2103; x_wconf 81' lang='lat' dir='ltr'>saepe</span> <span class='ocrx_word' id='word_1_187' title='bbox 366 2037 453 2089; x_wconf 85' lang='lat' dir='ltr'>otiam</span> <span class='ocrx_word' id='word_1_188' title='bbox 465 2050 532 2087; x_wconf 85' lang='lat' dir='ltr'>cura</span> <span class='ocrx_word' id='word_1_189' title='bbox 540 2041 569 2086; x_wconf 83' lang='lat' dir='ltr'>ct</span> <span class='ocrx_word' id='word_1_190' title='bbox 579 2035 694 2085; x_wconf 76' lang='lat' dir='ltr'>timaret</span> <span class='ocrx_word' id='word_1_191' title='bbox 716 2033 806 2101; x_wconf 88' lang='lat' dir='ltr'>qualis</span> <span class='ocrx_word' id='word_1_192' title='bbox 817 2038 861 2084; x_wconf 85' lang='lat' dir='ltr'>cst</span> <span class='ocrx_word' id='word_1_193' title='bbox 871 2033 931 2097; x_wconf 86' lang='lat' dir='ltr'>illa,</span> 
     </span>
     <span class='ocr_line' id='line_1_28' title="bbox 213 2101 941 2172; baseline -0.01 -9"><span class='ocrx_word' id='word_1_194' title='bbox 213 2106 243 2163; x_wconf 71' lang='lat' dir='ltr'>F</span> <span class='ocrx_word' id='word_1_195' title='bbox 241 2106 377 2161; x_wconf 72' lang='lat' dir='ltr'>lentinuus</span> <span class='ocrx_word' id='word_1_196' title='bbox 387 2114 524 2172; x_wconf 79' lang='lat' dir='ltr'>tamquam</span> <span class='ocrx_word' id='word_1_197' title='bbox 535 2101 941 2170; x_wconf 72' lang='lat' dir='ltr'>1&#39;aptats,ntflacctisaerts</span> 
     </span>
     <span class='ocr_line' id='line_1_29' title="bbox 221 2173 995 2229; baseline -0.004 -1"><span class='ocrx_word' id='word_1_198' title='bbox 221 2175 413 2229; x_wconf 62' lang='lat' dir='ltr'>tunsorassint</span> <span class='ocrx_word' id='word_1_199' title='bbox 424 2175 537 2228; x_wconf 71' lang='lat' dir='ltr'>tunnulis</span> <span class='ocrx_word' id='word_1_200' title='bbox 570 2173 995 2227; x_wconf 72' lang='lat' dir='ltr'>ederurncommemordnmum.</span> 
     </span>
    </p>
   </div>
   <div class='ocr_carea' id='block_1_9' title="bbox 84 2241 995 2312">
    <p class='ocr_par' dir='ltr' id='par_1_9' title="bbox 84 2241 995 2312">
     <span class='ocr_line' id='line_1_30' title="bbox 84 2241 995 2312; baseline -0.008 -11"><span class='ocrx_word' id='word_1_201' title='bbox 84 2299 88 2308; x_wconf 80' lang='grc'><strong><em>,</em></strong></span> <span class='ocrx_word' id='word_1_202' title='bbox 183 2244 321 2300; x_wconf 80' lang='lat' dir='ltr'>xxxva.</span> <span class='ocrx_word' id='word_1_203' title='bbox 340 2247 429 2312; x_wconf 77' lang='lat' dir='ltr'>Atque</span> <span class='ocrx_word' id='word_1_204' title='bbox 440 2245 526 2300; x_wconf 85' lang='lat' dir='ltr'>etiarn</span> <span class='ocrx_word' id='word_1_205' title='bbox 535 2245 588 2295; x_wconf 85' lang='lat' dir='ltr'>illa</span> <span class='ocrx_word' id='word_1_206' title='bbox 596 2243 747 2302; x_wconf 81' lang='lat' dir='ltr'>concitatio</span> <span class='ocrx_word' id='word_1_207' title='bbox 758 2241 885 2295; x_wconf 86' lang='lat' dir='ltr'>declarat</span> <span class='ocrx_word' id='word_1_208' title='bbox 894 2244 953 2294; x_wconf 77' lang='lat' dir='ltr'>vina</span> <span class='ocrx_word' id='word_1_209' title='bbox 964 2243 995 2294; x_wconf 89' lang='lat' dir='ltr'>in</span> 
     </span>
    </p>
   </div>
   <div class='ocr_carea' id='block_1_10' title="bbox 112 2311 1000 2796">
    <p class='ocr_par' dir='ltr' id='par_1_10' title="bbox 112 2311 1000 2796">
     <span class='ocr_line' id='line_1_31' title="bbox 180 2311 995 2381; baseline -0.005 -14"><span class='ocrx_word' id='word_1_210' title='bbox 180 2316 281 2368; x_wconf 82' lang='lat' dir='ltr'>animis</span> <span class='ocrx_word' id='word_1_211' title='bbox 293 2331 353 2367; x_wconf 86' lang='lat' dir='ltr'>esso</span> <span class='ocrx_word' id='word_1_212' title='bbox 364 2314 494 2366; x_wconf 73' lang='lat' dir='ltr'>divinam.</span> <span class='ocrx_word' id='word_1_213' title='bbox 531 2314 625 2381; x_wconf 82' lang='lat' dir='ltr'>Negat</span> <span class='ocrx_word' id='word_1_214' title='bbox 635 2313 721 2376; x_wconf 88' lang='lat' dir='ltr'>enim,</span> <span class='ocrx_word' id='word_1_215' title='bbox 741 2311 917 2376; x_wconf 87' lang='lat' dir='ltr'>sinefurorc‚</span> <span class='ocrx_word' id='word_1_216' title='bbox 936 2312 995 2363; x_wconf 80' lang='lat' dir='ltr'>Do·</span> 
     </span>
     <span class='ocr_line' id='line_1_32' title="bbox 180 2385 995 2451; baseline -0.005 -14"><span class='ocrx_word' id='word_1_217' title='bbox 180 2385 329 2448; x_wconf 79' lang='lat' dir='ltr'>mneritas,</span> <span class='ocrx_word' id='word_1_218' title='bbox 350 2388 515 2451; x_wconf 85' lang='lat' dir='ltr'>quemquam</span> <span class='ocrx_word' id='word_1_219' title='bbox 531 2389 643 2450; x_wconf 85' lang='lat' dir='ltr'>poetam</span> <span class='ocrx_word' id='word_1_220' title='bbox 663 2395 793 2449; x_wconf 82' lang='lat' dir='ltr'>magnum</span> <span class='ocrx_word' id='word_1_221' title='bbox 813 2397 876 2434; x_wconf 84' lang='lat' dir='ltr'>esse</span> <span class='ocrx_word' id='word_1_222' title='bbox 894 2396 995 2449; x_wconf 73' lang='lat' dir='ltr'>posses</span> 
     </span>
     <span class='ocr_line' id='line_1_33' title="bbox 180 2451 997 2521; baseline -0.006 -14"><span class='ocrx_word' id='word_1_223' title='bbox 180 2454 254 2521; x_wconf 87' lang='lat' dir='ltr'>quod</span> <span class='ocrx_word' id='word_1_224' title='bbox 264 2455 340 2507; x_wconf 85' lang='lat' dir='ltr'>idem</span> <span class='ocrx_word' id='word_1_225' title='bbox 351 2453 421 2504; x_wconf 89' lang='lat' dir='ltr'>dicit</span> <span class='ocrx_word' id='word_1_226' title='bbox 431 2452 524 2504; x_wconf 82' lang='lat' dir='ltr'>Plato.</span> <span class='ocrx_word' id='word_1_227' title='bbox 561 2452 658 2516; x_wconf 73' lang='lat' dir='ltr'>Quem,</span> <span class='ocrx_word' id='word_1_228' title='bbox 668 2452 693 2502; x_wconf 92' lang='lat' dir='ltr'>si</span> <span class='ocrx_word' id='word_1_229' title='bbox 703 2452 804 2518; x_wconf 83' lang='lat' dir='ltr'>placat,</span> <span class='ocrx_word' id='word_1_230' title='bbox 815 2452 941 2518; x_wconf 85' lang='lat' dir='ltr'>appollot</span> <span class='ocrx_word' id='word_1_231' title='bbox 951 2451 997 2503; x_wconf 82' lang='lat' dir='ltr'>fu·</span> 
     </span>
     <span class='ocr_line' id='line_1_34' title="bbox 178 2520 998 2587; baseline -0.002 -12"><span class='ocrx_word' id='word_1_232' title='bbox 178 2537 288 2587; x_wconf 78' lang='lat' dir='ltr'>rorem,</span> <span class='ocrx_word' id='word_1_233' title='bbox 310 2521 459 2574; x_wconf 83' lang='lat' dir='ltr'>dummodo</span> <span class='ocrx_word' id='word_1_234' title='bbox 471 2522 495 2572; x_wconf 90' lang='lat' dir='ltr'>is</span> <span class='ocrx_word' id='word_1_235' title='bbox 506 2521 588 2573; x_wconf 79' lang='lat' dir='ltr'>furor</span> <span class='ocrx_word' id='word_1_236' title='bbox 601 2522 643 2574; x_wconf 76' lang='lat' dir='ltr'>its</span> <span class='ocrx_word' id='word_1_237' title='bbox 656 2520 799 2581; x_wconf 84' lang='lat' dir='ltr'>laudator,</span> <span class='ocrx_word' id='word_1_238' title='bbox 821 2528 852 2571; x_wconf 88' lang='lat' dir='ltr'>ut</span> <span class='ocrx_word' id='word_1_239' title='bbox 863 2521 892 2571; x_wconf 91' lang='lat' dir='ltr'>in</span> <span class='ocrx_word' id='word_1_240' title='bbox 903 2520 998 2574; x_wconf 82' lang='lat' dir='ltr'>Phae·</span> 
     </span>
     <span class='ocr_line' id='line_1_35' title="bbox 161 2588 999 2657; baseline -0.002 -13"><span class='ocrx_word' id='word_1_241' title='bbox 161 2652 165 2657; x_wconf 21' lang='lat' dir='ltr'>v</span> <span class='ocrx_word' id='word_1_242' title='bbox 182 2591 232 2644; x_wconf 86' lang='lat' dir='ltr'>dro</span> <span class='ocrx_word' id='word_1_243' title='bbox 248 2592 375 2646; x_wconf 88' lang='lat' dir='ltr'>Platonls</span> <span class='ocrx_word' id='word_1_244' title='bbox 396 2591 527 2643; x_wconf 88' lang='lat' dir='ltr'>laudatus</span> <span class='ocrx_word' id='word_1_245' title='bbox 544 2597 597 2642; x_wconf 86' lang='lat' dir='ltr'>est.</span> <span class='ocrx_word' id='word_1_246' title='bbox 634 2588 838 2650; x_wconf 53' lang='lat' dir='ltr'>uninomina</span> <span class='ocrx_word' id='word_1_247' title='bbox 853 2591 948 2642; x_wconf 86' lang='lat' dir='ltr'>oratio</span> <span class='ocrx_word' id='word_1_248' title='bbox 966 2591 999 2642; x_wconf 88' lang='lat' dir='ltr'>in</span> 
     </span>
     <span class='ocr_line' id='line_1_36' title="bbox 181 2657 1000 2731; baseline -0.002 -18"><span class='ocrx_word' id='word_1_249' title='bbox 181 2663 301 2728; x_wconf 80' lang='lat' dir='ltr'>naussis3</span> <span class='ocrx_word' id='word_1_250' title='bbox 322 2660 408 2731; x_wconf 78' lang='lat' dir='ltr'>quidi</span> <span class='ocrx_word' id='word_1_251' title='bbox 428 2661 490 2728; x_wconf 87' lang='lat' dir='ltr'>ipsa</span> <span class='ocrx_word' id='word_1_252' title='bbox 506 2660 597 2720; x_wconf 84' lang='lat' dir='ltr'>actio,</span> <span class='ocrx_word' id='word_1_253' title='bbox 618 2664 788 2724; x_wconf 80' lang='lat' dir='ltr'>potestesse</span> <span class='ocrx_word' id='word_1_254' title='bbox 804 2657 1000 2712; x_wconf 71' lang='lat' dir='ltr'>venenasset</span> 
     </span>
     <span class='ocr_line' id='line_1_37' title="bbox 112 2727 1000 2796; baseline -0.005 -13"><span class='ocrx_word' id='word_1_255' title='bbox 112 2793 114 2796; x_wconf 18' lang='grc' dir='ltr'>ι</span> <span class='ocrx_word' id='word_1_256' title='bbox 184 2732 276 2793; x_wconf 69' lang='lat' dir='ltr'>gravis</span> <span class='ocrx_word' id='word_1_257' title='bbox 292 2739 321 2784; x_wconf 85' lang='lat' dir='ltr'>et</span> <span class='ocrx_word' id='word_1_258' title='bbox 337 2732 465 2796; x_wconf 77' lang='lat' dir='ltr'>copiosa,</span> <span class='ocrx_word' id='word_1_259' title='bbox 486 2730 543 2780; x_wconf 90' lang='lat' dir='ltr'>nisi</span> <span class='ocrx_word' id='word_1_260' title='bbox 556 2733 600 2779; x_wconf 80' lang='lat' dir='ltr'>est</span> <span class='ocrx_word' id='word_1_261' title='bbox 611 2728 720 2779; x_wconf 78' lang='lat' dir='ltr'>animus</span> <span class='ocrx_word' id='word_1_262' title='bbox 736 2727 796 2795; x_wconf 86' lang='lat' dir='ltr'>ipsc</span> <span class='ocrx_word' id='word_1_263' title='bbox 807 2728 1000 2781; x_wconf 76' lang='lat' dir='ltr'>commotior!</span> 
     </span>
    </p>
   </div>
   <div class='ocr_carea' id='block_1_11' title="bbox 0 0 1046 3025">
    <p class='ocr_par' dir='ltr' id='par_1_11' title="bbox 0 0 1046 3025">
     <span class='ocr_line' id='line_1_38' title="bbox 0 0 1046 3025; baseline 0 0"><span class='ocrx_word' id='word_1_264' title='bbox 0 0 1046 3025; x_wconf 95' lang='lat' dir='ltr'> </span> 
     </span>
    </p>
   </div>
  </div>
 </body>
</html>
