2084 3025
189 127 247 214 110‘
368 154 425 206 na
442 151 611 205 narum
628 103 808 199 nnonun
849 153 886 193 .-

53 257 54 260 '
99 271 100 275 ’
189 262 318 333 prolecto
330 256 475 318 divinatio,
486 270 557 321 quae
569 252 663 303 multis
672 249 751 312 locis,
762 245 877 315 [robus]
886 249 991 312 tempo·

190 333 268 385 ribus
278 333 400 395 apparet,
415 332 474 375 tum
485 324 513 374 in
524 323 647 389 privatis,
665 327 724 370 tum
736 319 854 368 maxime
865 317 896 365 in
907 313 994 382 publi·

194 402 239 453 cis
278 398 337 449 163.
356 395 448 446 Multa
458 399 572 443 cernunt
582 389 755 455 haruspices:
776 381 995 452 muitaaugures
1030 415 1031 418 =

192 465 350 539 provident:
371 464 460 514 multa
470 462 590 513 oraculis
601 459 785 519 declarantur,
800 455 889 506 multa
900 453 996 505 vatici·
1030 421 1031 504 l

194 536 362 596 nationibus,
382 532 472 583 multa
482 530 606 592 sonrniis,
625 528 715 579 multa
724 525 874 593 portentis:
895 524 996 591 quibus
1030 507 1032 576 i

137 653 140 656 a
196 606 326 675 cognitis,
340 602 447 653 multae
458 615 542 666 saepe
551 595 596 651 res
607 611 641 650 ex
651 596 792 647 hominum
804 595 947 645 sententia
958 598 997 644 at·
1030 629 1031 650 ,

195 673 383 746 quentilitate
396 678 507 737 partae,
528 668 617 719 multa
633 667 717 718 etiam
736 663 861 731 pericula
879 660 998 728 depulsa
1030 665 1031 724 j

167 741 170 752 '
197 750 269 803 sunt
305 743 385 794 Hace
394 741 482 808 igitur
492 738 551 789 sive
562 738 611 798 vis,
627 738 685 787 sive
697 749 751 796 ars,
767 733 826 783 sive
836 738 947 794 natura,
964 728 999 784 ad
1030 731 1031 760 ³

197 814 342 865 scientiam
352 826 444 861 rerum
457 808 615 858 futurarum
626 801 732 855 homini
742 801 867 869 proiecto
880 808 933 863 ost,
949 815 1000 853 noo

198 884 249 935 alii
259 884 387 948 cuiquam
399 878 483 929 aDiis
493 874 697 928 immortalibus
711 873 785 926 data.
822 871 899 931 (luae
910 871 935 920 si
945 871 1000 920 ein-

198 954 266 1021 gula
276 967 324 1002 vos
336 950 410 1000 forte
419 962 474 997 non
484 950 609 1006 movent,
630 942 760 993 univorsa
770 946 844 992 certe
856 946 951 991 tamen
962 940 1001 989 in·
1030 985 1031 988 ,

198 1029 243 1073 ter
252 1038 282 1073 se
292 1033 416 1070 connexa
426 1022 508 1082 atque
518 1015 668 1064 coniuncta
678 1021 788 1061 movere
799 1009 946 1061 debebunt.

130 1137 136 1142 .
251 1088 311 1156 164ξ
333 1087 392 1137 Nec
406 1095 475 1136 iero
490 1084 620 1133 universo
634 1078 730 1149 generi
745 1078 885 1130 hominum
901 1078 1003 1140 solum,

199 1156 248 1210 ned
269 1158 353 1209 etiam
374 1154 493 1220 singulis
516 1167 533 1200 a
546 1150 609 1201 Diis
623 1148 827 1199 immortalibus
848 1148 954 1198 consuli
977 1142 1007 1200 ef

198 1224 342 1296 provideri
356 1224 439 1274 solet,
474 1221 555 1272 Licet
570 1220 643 1270 enim
660 1215 822 1280 contrahere
835 1217 1004 1268 univcrsita-

127 1353 128 1356 ,
199 1305 256 1349 tem
267 1292 376 1361 generis
387 1289 508 1351 humani,
524 1303 639 1353 eamque
651 1283 790 1353 gradatim
804 1284 838 1337 ad
847 1287 1005 1351 pauciores,
1030 1329 1031 1344 ἶ

198 1371 341 1433 postremo
353 1359 489 1411 deducere
501 1357 536 1408 ad
549 1355 682 1423 singulos.
700 1351 876 1408 minam
888 1356 1007 1406 siomni-

177 1485 182 1495 ,
199 1436 252 1485 bus
262 1431 427 1492 hominibus,
438 1429 485 1495 qui
494 1428 596 1492 ubique
608 1430 679 1485 sunt,
692 1439 864 1491 quacumque
875 1426 905 1475 in
915 1439 1007 1478 ‹iraao

199 1508 279 1573 parte
289 1509 437 1562 terrarum,
462 1498 496 1549 ab
506 1494 621 1547 huiusce
632 1500 735 1555 terrae,
753 1507 836 1558 quam
847 1491 1009 1547 nos'incoli-
1018 1495 1031 1541 .]

200 1590 271 1636 mus,
291 1569 501 1624 continuatione
512 1566 685 1626 distantium,
700 1562 777 1614 Deos
788 1565 933 1616 consulere
944 1580 1009 1616 cen·
1030 1580 1031 1585 ¹

201 1654 293 1696 semus
305 1639 341 1693 ob
352 1656 400 1692 eas
411 1646 534 1698 caussas,
547 1649 615 1704 quas
626 1639 691 1686 ante
702 1632 836 1684 diximus:
847 1633 1010 1700 hisquoque
1030 1670 1031 1673 ,

200 1711 358 1764 hominibus
380 1707 544 1766 consulunt,
566 1705 614 1770 qui
633 1701 683 1753 has
700 1702 843 1753 nobiscum
858 1709 948 1754 terras
971 1705 1011 1755 ab
1030 1698 1031 1765 J

201 1782 309 1833 oriente
324 1778 359 1828 ad
376 1775 547 1827 occidentem
564 1767 674 1822 colunt.¹
703 1767 764 1825 105.
785 1766 834 1822 Sin
853 1780 944 1827 autom
960 1770 1011 1824 liis

201 1847 363 1906 consulunt,
385 1845 434 1910 qui
444 1842 524 1907 quasi
535 1852 665 1909 magnam
676 1839 822 1908 quamdam
833 1842 954 1893 insulam
965 1841 1011 1892 in·
1030 1882 1031 1917 ,

200 1919 305 1977 colunt,
324 1928 406 1980 quam
419 1924 469 1962 nos
482 1911 577 1962 orbem
587 1917 679 1961 terrae
690 1922 834 1961 vocamus:
853 1911 937 1961 utiam
946 1909 1012 1962 illis
1030 1938 1031 1981 p

201 1983 358 2043 consulunt,
374 1981 421 2048 qui
433 1988 528 2048 partes
540 1981 600 2031 eius
611 1978 719 2030 insulae
729 1985 835 2040 tenent,
854 1981 1013 2046 Europam,
1030 2016 1031 2053 ,

200 2055 304 2114 Asiam,
324 2050 456 2103 Africam.
492 2051 569 2116 Ergo
581 2055 608 2100 et
618 2064 711 2100 earum
724 2054 817 2113 partes
828 2048 956 2116 diligunt,
977 2056 1015 2100 ut
1030 2084 1031 2105 ,

201 2127 328 2183 Romam,
349 2119 478 2182 Athenas,
499 2118 636 2185 Spartam,
658 2116 797 2167 Rhodum:
817 2111 953 2169 etcarum
963 2114 1031 2168 rar-I

124 2188 146 2217 u
200 2194 278 2244 bium
295 2191 444 2254 separatim
466 2190 501 2240 ab
517 2187 653 2238 universis
673 2185 797 2252 singulos
818 2186 956 2254 diligunt,
978 2182 1031 2241 ut}

201 2256 305 2330 Pyrrhi
313 2257 389 2309 bello
401 2259 521 2319 Curium,
536 2256 702 2319 Fabricium,
718 2256 936 2318 Coruncanium
953 2246 1031 2325 prb,

202 2345 248 2383 mo
259 2327 364 2379 Punico
380 2325 549 2387 Calatinum,
567 2325 723 2386 Duellium,
744 2318 901 2385 Metellum,
923 2325 1031 2377 Luta-i

120 2398 125 2406 ⁸
200 2401 285 2462 tium3
306 2394 427 2447 seeundo
446 2394 614 2456 Maximum,
635 2392 811 2453 Marcellum,
831 2384 1031 2455 Africanum}

199 2474 266 2537 post
275 2467 336 2527 hos,
359 2463 497 2521 Paullum,
520 2458 682 2523 Gracchum,
703 2463 846 2523 Catonem,
859 2454 1031 2529 patrumve*

201 2535 340 2589 memorii!
351 2531 517 2598 Selplollelm
533 2523 672 2584 Laelium}
689 2529 847 2595 multosque
858 2538 1022 2595 praeterea

138 2662 143 2667 ,
202 2612 232 2658 et
248 2610 345 2655 nostra
360 2601 461 2650 civitas
484 2601 513 2646 et
530 2593 647 2651 Graecia
662 2599 730 2649 tulit
745 2598 902 2663 singulares
919 2600 1024 2665 viros;

168 2672 179 2696 “·
202 2684 319 2741 quorum
330 2668 477 2730 neminem,
489 2662 544 2717 nisi
553 2664 665 2723 iurante
674 2667 746 2731 Deo,
755 2664 841 2718 talum
851 2658 946 2732 fuisse
958 2683 1031 2722 crea,
