2084 3025
244 111 337 186 'arn
355 134 377 186 r.
414 135 497 188 cnr.
515 135 615 191 3o31.
780 139 831 195 aar

36 227 164 282 decoram
173 230 252 295 iilud,
262 234 336 297 ideo,
348 237 416 302 quia
424 237 494 292 ariol
505 239 585 292 decet
594 242 732 306 inrita(ot
742 243 831 308 aiunt)

35 298 171 365 Minerua,
193 300 222 351 id
238 310 294 366 est,
315 305 480 360 adversante
495 316 525 360 et
539 319 708 380 repugnante
724 320 832 366 natura.

35 363 91 430 lli.
106 369 225 421 Omnino
235 374 260 424 si
271 375 420 441 quidquam
431 384 474 428 est
484 378 624 443 decorum,
635 379 704 432 nihil
716 375 758 433 cst
771 397 831 448 pro·

34 433 106 486 fecto
118 439 217 503 magis,
238 457 320 506 quam
331 446 513 511 aequabilitas
524 451 667 502 universae
676 452 758 512 vitae,
772 458 831 502 tum

34 505 204 571 singularum
217 512 373 563 actionum:
394 530 475 581 quarn
488 533 656 571 conservare
666 535 720 570 nun
733 520 832 585 possis,

33 574 65 635 si,
78 574 197 626 aliorum
208 585 335 632 naturam
346 582 467 646 imitans,
483 587 597 637 omittas
607 595 691 639 tuam.
712 589 748 638 Ut
758 589 831 640 eninr

32 659 158 695 sermone
166 660 203 695 eo
213 646 346 701 dehemus
356 653 406 715 uti,
424 649 471 719 qui
483 663 566 706 notus
577 663 620 707 ert
629 656 717 718 nohis,
738 672 780 719 ne,
799 663 832 708 ut

33 711 153 778 quidam,
165 713 275 769 Graeca
285 721 369 771 rerba
376 722 548 776 inculcantes
558 725 617 776 iure
627 726 733 790 optimo
743 725 832 777 ridea·
921 747 924 754 ’

31 794 104 832 mur:
128 783 171 834 sie
187 785 216 835 in
233 788 357 841 actiones
368 806 531 858 omnemque
545 794 642 854 ritam,
662 793 766 844 nullam
779 793 834 844 dis·

31 851 203 917 erepentium
218 857 343 910 conferre
354 859 494 912 debemus.
532 860 589 913 112
605 864 693 929 Atque
704 859 772 914 hirec
782 860 834 912 dii·

31 917 152 974 ferentia
171 931 331 978 naturarum
345 935 452 982 tantam
467 927 551 982 habet
566 931 635 991 rim,
657 938 688 981 ut
703 946 834 982 nonnum·

30 1003 113 1054 quam
135 999 253 1046 mortem
275 996 402 1064 sibiipsa
418 1000 590 1052 consciscere
606 1000 705 1068 aliquis
723 1000 833 1061 debeat,

28 1055 141 1111 aliusin
153 1061 249 1114 eadem
261 1081 424 1122 caussanon
436 1068 545 1124 debeat.
564 1070 637 1123 Nun
649 1071 722 1122 enirn
734 1070 792 1122 alia
802 1070 831 1120 in
870 1101 873 1116 ι

30 1142 129 1180 caussa
140 1129 183 1184 M.
191 1132 334 1197 Catoiuit,
345 1136 403 1188 alia
412 1139 508 1202 ceteri,
522 1140 569 1205 qui
579 1157 610 1192 se
620 1140 649 1191 in
659 1140 753 1191 Africa
764 1141 830 1193 Cae·

28 1198 85 1247 sari
100 1197 295 1254 tradiderunt
313 1206 396 1272 Ateio
407 1209 507 1258 ceteris
522 1207 640 1261 forsitan
652 1210 725 1260 sitio
736 1209 831 1261 datum

30 1274 111 1330 esset,
132 1268 158 1317 si
166 1285 198 1321 se
207 1271 428 1336 interemissent,
443 1284 594 1343 propterea
604 1278 677 1345 quod
686 1278 776 1330 lenior
786 1294 832 1330 eo·

28 1348 90 1385 rurn
105 1338 179 1400 rita,
203 1346 231 1390 et
242 1356 332 1394 mores
353 1342 465 1395 fuerant
482 1345 639 1400 faciliores:
662 1348 761 1397 Catoni
784 1363 833 1398 au·

27 1410 85 1456 tem
96 1420 180 1471 quum
192 1409 384 1464 incredibilem
396 1415 540 1467 tribuisset
546 1423 646 1469 natura
653 1416 832 1483 gravitatem,

28 1489 146 1542 eamque
156 1475 216 1543 ipsc
226 1489 361 1547 perpetua
371 1485 528 1539 constantia
537 1489 706 1548 roborasset,
713 1500 832 1552 semper·

27 1559 80 1610 que
92 1545 125 1597 in
136 1549 279 1612 proposito
295 1560 479 1621 susceptoque
497 1557 614 1609 consilio
626 1554 832 1622 permansisset,

26 1614 206 1669 moriundum
218 1620 325 1683 potius,
346 1637 427 1688 quarn
441 1626 556 1690 tyranni
570 1626 664 1675 vultus
680 1624 831 1690 adspicien-

26 1682 153 1740 dusfult·
188 1681 250 1742 113.
262 1688 359 1752 Quam
374 1693 463 1747 multa
473 1709 570 1758 passus
581 1701 624 1746 est
635 1694 729 1746 Ulixes
740 1694 767 1744 in
779 1693 831 1744 illo
865 1712 868 1715 ·
950 1758 957 1773 Ι

26 1766 122 1806 errore
134 1752 278 1820 diuturno,
286 1773 370 1824 quum
383 1768 411 1811 et
422 1763 591 1824 mulieribus,
602 1763 642 1826 (si
653 1764 732 1815 Circe
742 1769 770 1815 et
782 1763 831 1814 Ca-

25 1820 107 1887 lypso
122 1822 260 1879 mulieres
274 1830 559 1894 appellandaeront,)
580 1833 740 1894 inserviret,
762 1832 830 1884 etin

25 1891 102 1947 omni
112 1907 243 1950 sermone
253 1898 381 1950 ¹omnibus
392 1899 574 1953 affabilemae
584 1918 644 1954 esse
656 1901 752 1954 vellet!
772 1900 829 1954 Do·
859 1907 861 1911 '

23 1960 61 2011 mi
76 1962 242 2015 reroetiam
254 1968 437 2027 contumelias
451 1985 594 2022 serrorum
610 1971 829 2040 ancillarumque

23 2029 150 2094 pertulit,
171 2037 204 2082 nt
216 2032 291 2090 adid
303 2035 463 2103 aliquando,
474 2039 548 2105 quod
559 2041 694 2107 cupiebat,
705 2042 831 2108 parveni-

22 2104 75 2149 rot.
111 2100 148 2153 At
152 2100 243 2162 Aiax,
263 2118 316 2168 quo
328 2105 419 2157 animo
430 2108 564 2171 traditur,
583 2111 684 2163 millies
695 2117 828 2177 oppetere

22 2172 151 2230 mortem,
162 2184 246 2235 quam
258 2172 307 2223 illa
317 2177 434 2241 perpeti,
445 2177 598 2231 maluisset.
618 2182 695 2241 Quae
707 2189 828 2231 comem·

21 2236 132 2301 plastes
154 2240 311 2304 expendere
332 2246 487 2309 oportebit,
509 2241 575 2312 qiu‘d
596 2249 711 2315 quisquo
724 2247 828 2301 habeat

13 2304 77 2359 'cuir
87 2322 179 2373 eaque
189 2308 335 2376 moderari,
347 2329 400 2364 nec
408 2313 480 2371 valio
491 2316 620 2381 experiri,
627 2332 709 2384 quarn
720 2333 750 2368 se
761 2317 827 2369 aiio·
857 2374 858 2387 χ

22 2374 199 2432 uaaleceant„
234 2374 267 2430 Id
279 2381 351 2433 enim
362 2382 481 2434 maximo
491 2399 626 2451 quemquo
638 2385 731 2446 (lecet,
748 2383 826 2451 *quod

22 2445 213 2510 esteuiusque
231 2449 349 2506 manime
359 2465 446 2506 suum.
482 2450 543 2503 114.
563 2452 646 2511 Suum
657 2454 745 2518 igitar
755 2452 828 2517 quis·

22 2514 346 2580 quenoncatr'ngmium,
365 2533 511 2586 acremque
523 2528 593 2573 sect
603 2524 738 2572 bonorum
749 2526 777 2570 et
787 2519 829 2568 ri·
906 2540 908 2545 ·

21 2583 129 2633 tiorum
151 2597 265 2653 suorum
287 2586 405 2644 iudicem
421 2588 566 2652 praebeat:
586 2605 621 2640 ne
638 2587 741 2666 scenici
755 2586 828 2665 plus,

21 2665 105 2716 quoru
120 2666 188 2715 uos,
204 2652 357 2714 rideantur
370 2655 659 2729 habereprudentiae.
693 2654 826 2706 lllremm
876 2707 880 2717 .
