2084 3025
216 173 268 231 212
443 175 499 227 DE
517 174 805 228 DIVINATIONE

218 287 282 335 runt
292 275 363 331 sato.
402 277 498 331 Vultis
511 287 606 345 autem
622 281 716 331 omnib
730 280 799 332 Iato.
827 279 922 332 -Nuila
938 280 1027 348 igitur

217 358 261 404 ost
270 348 417 401 divinatio.
453 347 496 401 21.
514 349 596 411 Quod
611 352 637 401 si
647 349 736 400 fatum
747 349 814 411 init,
833 350 909 401 bello
920 351 1025 402 Punico

217 418 338 473 seeundo
350 419 504 470 exercitum
519 421 617 486 populi
627 420 746 470 Romani
758 421 794 470 ad
810 421 901 471 lacum
912 419 1027 471 Thrasi-

219 505 329 542 menum
340 489 471 540 interire:
492 504 557 539 num
569 491 598 540 id
610 489 695 543 vitari
709 490 815 555 potuit,
837 491 862 539 si
871 490 1027 541 Flaminius

218 559 323 612 Consul
340 558 376 609 iis
395 558 483 624 signis
503 559 594 626 iisque
614 559 760 625 auspic-iis,
778 560 881 626 quibus
900 573 1028 628 pugnare

188 631 198 663 s
218 628 427 698 prohibebatur,
439 629 597 695 paruisseti
616 629 710 695 [Certe
721 629 835 696 potuit]
870 630 926 679 Aut
938 630 1029 696 igitur

70 699 75 703 ’
154 726 161 732 -
218 715 275 751 non
285 697 344 750 fato
356 699 623 750 interiitexeroitus:
635 699 818 751 mutarienim
829 699 889 750 fata
899 714 956 749 non
963 715 1029 766 pos·

220 775 298 821 sunt:
310 774 367 831 aut,
377 769 402 818 si
413 766 486 832 fat03
498 767 571 834 quod
579 775 658 820 oute
669 769 748 819 vobis
759 770 800 820 ita
807 767 959 819 dicendum
971 777 1028 821 est:

220 840 306 893 otiam
325 839 351 890 si
370 839 591 904 obtemperasset
612 839 752 904 ausoniis,
773 839 847 890 idem
862 845 1027 890 eventurum

185 974 188 977 Ι
220 910 329 962 fuisset.
340 908 393 959 Ubi
403 915 445 961 est
455 909 541 975 igitur
551 908 687 959 divinatio
700 910 754 960 ista
764 908 937 960 Stoicorum?
947 922 1028 975 qnae,

221 980 247 1031 si
261 979 321 1030 foto
338 978 431 1030 osenia
448 978 531 1039 fiunt,
552 976 620 1028 nibil
635 994 686 1028 nos
697 979 848 1030 admonere
863 983 973 1045 potest,
997 989 1028 1030 ut

220 1050 361 1100 cautiores
372 1049 466 1098 simus.
479 1050 597 1114 Quoquo
609 1049 681 1100 enim
694 1048 777 1099 modo
788 1062 839 1098 nos
849 1049 1029 1115 gesserimus,

219 1119 269 1170 fiet
282 1123 377 1169 tamen
396 1117 482 1184 iilud,
503 1118 576 1183 quod
592 1117 716 1168 futurum
732 1125 785 1169 est.
821 1117 869 1168 Sin
889 1118 1027 1169 autemid

175 1214 180 1218 ·
218 1193 313 1255 potest
323 1184 409 1249 flesti,
423 1187 531 1239 nuIIum
543 1180 702 1239 est‘fatum..
723 1188 767 1238 Ita
777 1203 811 1239 ne
821 1187 960 1239 divinatio
970 1189 1028 1254 qui

159 1306 168 1314 ,
220 1256 292 1318 dem,
303 1256 432 1322 quoniam
445 1273 478 1309 ea
489 1272 582 1308 rerum
592 1255 749 1308 futurarum
761 1262 812 1309 ast.
841 1255 920 1308 Nihil
933 1265 1028 1309 autem

216 1334 262 1379 est
272 1338 322 1394 pro
334 1334 411 1378 certo
428 1327 566 1388 futurum,
588 1326 662 1395 quod
676 1331 770 1394 potest
784 1326 880 1393 aliqua
896 1341 1029 1394 procuro·

217 1397 296 1449 tione
307 1396 445 1460 accidere,
458 1413 494 1448 ne
505 1397 564 1450 hat.

269 1468 317 1520 IX.
332 1469 375 1520 22.
390 1469 480 1537 Atque
491 1482 544 1535 ego
555 1483 589 1521 ne
599 1466 697 1521 utilem
709 1465 820 1535 quidem
831 1466 956 1521 arbitror
967 1483 1030 1521 esse

217 1538 297 1591 nobis
314 1538 469 1589 futurarum
485 1554 579 1590 rerum
597 1539 753 1590 scientiam.
789 1537 868 1599 Quae
883 1538 958 1590 enim
970 1540 1031 1593 vita

216 1609 316 1661 fuisset
326 1609 447 1675 Priamo,
459 1609 484 1658 si
496 1610 530 1660 ab
542 1608 734 1659 adnleseentia
743 1608 851 1671 scisset,
863 1623 934 1676 quos
948 1625 1030 1662 eren·

217 1685 262 1730 tus
284 1679 433 1731 senectutis
450 1684 524 1729 esset
540 1677 701 1729 habiturust
723 1678 860 1729 Abeamus
875 1695 893 1730 a
907 1678 1031 1744 fabulis:

218 1749 352 1815 propiora
373 1748 526 1800 rideamus.
568 1748 794 1799 ClarIssimorum
815 1748 961 1800 hominum
983 1764 1032 1802 no·

218 1826 294 1870 strae
305 1818 428 1869 civitatis
439 1817 618 1885 gravissimos
631 1817 723 1869 exitus
733 1818 763 1872 in
769 1816 962 1870 Consolatione
974 1819 1032 1871 ooI·

215 1888 346 1954 legimus.
383 1888 457 1947 Quid
478 1887 585 1956 igiturt
613 1887 650 1937 Ut
669 1888 830 1939 omittamus
849 1888 1032 1954 superiores,

215 1957 349 2009 Marcone
360 1958 470 2020 Crasso,
487 1953 579 2023 putas,
597 1957 667 2008 utile
679 1955 774 2018 fuisse,
785 1963 853 2021 tum,
873 1972 958 2024 quum
970 1974 1031 2010 ma·

218 2025 303 2077 rimis
314 2026 411 2093 opibus
421 2026 596 2094 fortunisque
605 2025 736 2086 florebat,
757 2028 838 2090 scire,
858 2028 922 2089 sibi,
943 2027 1030 2080 inter·

182 2093 191 2104 “
218 2094 295 2147 fecto
306 2095 406 2146 Publio
417 2096 485 2158 tilio,
505 2097 683 2164 exercituque
694 2096 797 2159 deleto,
811 2102 891 2149 trans
901 2097 1031 2164 Euphra

218 2170 274 2217 tem
285 2177 356 2217 ‘cum
377 2165 533 2232 ignominia
552 2174 581 2217 at
602 2166 740 2217 dedecore
759 2182 820 2218 osse
838 2167 1031 2233 pereundum!

141 2280 148 2294 ἢ
218 2237 260 2286 An
275 2236 323 2286 Cn.
340 2234 500 2300 Pompeium
521 2251 615 2286 censes
635 2237 725 2287 tribus
743 2235 801 2287 suis
817 2237 1033 2300 consulatibus,

219 2305 309 2356 tribus
319 2304 480 2371 triumphis,
497 2306 685 2357 'maximarum
696 2319 789 2356 rerum
806 2306 901 2372 gloria
910 2307 1035 2360 laetatu

218 2390 280 2425 rum
296 2372 399 2435 fuisse,
421 2374 447 2424 si
461 2376 559 2436 sciret,
580 2391 610 2427 se
625 2376 653 2425 in
665 2373 815 2427 solitudine
825 2377 1037 2445 Aegyptiorum

219 2445 387 2495 trucidatum
403 2442 453 2505 iri,
474 2447 578 2496 amisso
597 2445 735 2496 exercitu:
755 2450 951 2511 postmortem
961 2463 1038 2504 vero

220 2530 254 2566 ea
265 2520 455 2575 consecutura,
473 2531 544 2582 quas
556 2514 615 2564 sine
627 2513 749 2564 lacrimis
760 2530 816 2565 non
827 2530 981 2581 possumus
994 2518 1040 2570 di·

220 2585 299 2636 oere't
321 2585 365 2637 23.
377 2583 450 2645 Quid
461 2598 527 2635 voro
539 2583 686 2635 Caesarem
697 2586 845 2650 putamnst
864 2585 897 2638 si
910 2587 1040 2642 divinas·

219 2659 262 2703 set
275 2654 345 2715 fore,
359 2659 390 2704 ut
400 2653 429 2703 in
441 2667 474 2703 eo
486 2652 598 2714 Senatu,
617 2668 697 2719 quem
708 2654 816 2706 maiore
827 2669 862 2706 ex
875 2664 959 2722 parte
971 2658 1038 2726 ipse

183 2725 196 2736 ⁸
220 2727 387 2786 cooptasset,
398 2722 427 2771 in
435 2722 516 2779 euris
526 2721 669 2788 Pompeia,
681 2728 745 2776 ante
754 2723 844 2791 ipsius
855 2725 990 2795 Pompeii
1007 2765 1012 2772 -
