2084 3025
181 114 239 176 tot
374 92 777 173 rucnnmaucnoms

98 212 103 217 ’
182 224 256 277 enim
264 217 306 291 id,
319 219 381 283 sine
389 222 492 290 prioris
503 227 621 274 naturae
632 221 826 292 corruptione,
837 232 922 288 posse
931 228 993 289 ert·>

181 295 254 349 nire:
277 294 341 357 sed,
361 293 459 346 eadem
474 292 580 344 inillis
594 299 723 345 manente
739 299 858 353 ustura,
881 291 987 344 evolus

183 366 305 419 oninium
324 363 361 415 nd
375 363 467 424 Deos,
487 369 515 414 et
532 362 562 413 in
582 377 678 414 eorum
699 360 826 413 adscribi
838 361 993 424 concillum,

186 449 270 503 quum
279 433 448 485 immortalis
458 433 496 482 sit
508 438 538 482 et
549 431 773 483 immortalitatis
784 431 904 483 divinae
916 430 995 498 pani·

187 520 265 572 ceps3
286 518 388 571 corpus
398 509 505 563 antem,
516 508 618 568 suapte
628 507 730 553 notura
740 500 874 563 mortale,
887 514 996 553 maneto

184 574 215 626 in
224 583 314 638 terrm
336 571 466 641 quodque
481 579 626 623 terrenum
640 578 695 633 est,
714 571 793 622 nullo
811 577 903 638 pacto
921 584 995 623 surm

185 658 289 697 nuere
300 657 382 711 posse
392 648 531 704 naturam,
545 648 578 692 ut
589 641 710 694 alienam
720 640 831 692 induat.
864 640 996 702 Quamvis

184 715 260 766 enim
279 710 352 766 haee
370 713 434 781 ipse
448 711 575 778 quaestio
593 713 765 779 perobscura
780 710 877 762 videri
896 711 993 772 solent,

184 799 236 836 uec
252 783 366 835 urnnino
381 780 521 851 proclives
536 788 586 833 aut
596 782 696 833 faciles
707 780 812 833 babeat
824 781 992 848 explicaturi

182 860 291 916 maren,
310 852 366 903 nisi
385 850 604 904 auctoritatibus
618 857 716 902 contra
735 851 881 903 rationem
898 865 993 919 pugne·

183 931 239 985 tur,
251 938 306 974 non
316 920 501 983 incommode,
518 922 626 989 opinor,
642 921 749 973 anobis
759 921 898 988 exposita
908 934 995 973 cense-

182 990 208 1045 l'i
221 997 324 1059 potest.
345 992 384 1043 Et
394 992 536 1059 quonism,
547 1007 619 1059 quae
628 992 658 1043 in
668 988 722 1051 hoc
731 1006 837 1058 genere
847 991 996 1058 praecipua

185 1062 352 1130 cognitoque
363 1061 450 1130 digna
466 1068 546 1124 sunt,
565 1061 759 1129 persequimur
773 1062 889 1126 omnia,
908 1061 996 1126 (rolu-

183 1148 246 1184 urus
261 1131 482 1201 quidem-certe)-
497 1131 729 1200 praetereundum
747 1147 804 1182 uon
819 1138 879 1195 cst,
902 1130 994 1200 qualos

185 1214 322 1271 quamque
338 1201 445 1255 multae
461 1201 594 1264 virtutes,
615 1201 835 1254 erudiendorum
853 1200 994 1254 huminum

183 1273 290 1343 gratim
300 1272 358 1324 sint
373 1270 480 1324 bonore
491 1271 616 1323 Deorum
633 1271 840 1323 immortalium
853 1286 993 1324 conmora-

183 1352 239 1396 tne.
274 1342 362 1395 Cuius
373 1341 417 1394 rei
427 1341 490 1393 linis
501 1349 545 1393 est
554 1342 668 1408 publica
677 1341 801 1393 utilitas:
825 1349 871 1406 ut,
884 1355 935 1410 quo
944 1337 989 1391 lio·

184 1422 251 1467 nure
266 1410 386 1464 virtuter
406 1413 482 1481 ipsas
504 1412 652 1463 decoratas
670 1410 802 1474 rideant,
824 1412 993 1464 eumdemsr

184 1489 382 1536 consecuturos
394 1498 456 1535 esse
467 1479 593 1534 homines
604 1488 731 1550 sperent,
752 1480 777 1534 si
788 1482 898 1552 *iisdem
909 1482 993 1533 virtu·

183 1555 259 1606 tibus
273 1554 424 1606 exeollsut.
454 1554 515 1615 Quo
533 1554 563 1603 in
578 1567 679 1620 genere
696 1553 816 1603 multum
831 1552 904 1605 boni
916 1551 994 1604 estin

183 1624 351 1676 inritatione.
386 1622 521 1675 Libenter
538 1626 611 1675 enim
628 1638 661 1674 ea
682 1623 834 1674 imitantur
852 1630 884 1675 ct
903 1636 994 1689 perso·

183 1700 304 1763 quuntur
315 1692 406 1756 multi,
417 1693 563 1761 exquibus
575 1693 646 1744 alios
657 1692 712 1745 illa
720 1693 835 1755 eadem,
854 1708 930 1759 quae
942 1689 994 1758 ipsi

181 1770 325 1832 appetunt,
337 1769 502 1815 consecutos
512 1762 617 1814 rident.
635 1763 726 1830 Atque
736 1778 771 1815 ex
781 1778 817 1814 eo
827 1763 995 1830 plerumque

182 1834 299 1896 accidit,
319 1841 351 1885 ut
361 1831 459 1885 inultis
469 1832 498 1883 in
507 1834 604 1896 rebus,
627 1849 696 1901 quas
707 1838 791 1885 antea
801 1849 838 1885 ne
851 1833 995 1899 cogitare·

180 1911 245 1956 runt
257 1903 391 2024 quidemi
411 1918 494 1971 quum
509 1902 545 1958 ad
560 1903 699 1955 clarorum
713 1904 839 1954 uirorum
855 1901 995 1954 imitatio·

392 1988 407 2026 e

181 1988 244 2044 nom
255 1989 285 2025 se
294 1979 378 2027 contu
408 1972 635 2036 rint,multurum
644 1975 740 2042 vigent
751 1972 904 2025 industria.
916 1971 995 2035 Quas

183 2049 268 2113 quum
288 2043 383 2112 paullo
405 2044 532 2094 manarit
549 2043 649 2106 latius,
676 2049 794 2111 quantos
815 2055 996 2111 progressus,

183 2119 340 2183 quantaque
352 2113 482 2181 acquirat
497 2113 683 2176 incrementa,
706 2111 777 2164 nihil
790 2128 912 2166 neeesse
923 2111 996 2163 arbi·

181 2193 242 2236 tror
253 2197 478 2236 commemorare.
498 2185 615 2235 Constat
626 2184 697 2236 enim
708 2183 781 2235 inter
791 2198 907 2246 omnes,
923 2194 993 2249 quae

181 2253 482 2323 praecucurrerant,
502 2267 538 2304 ea
552 2252 611 2305 fere
622 2254 715 2305 omnia
724 2268 741 2304 a
750 2254 886 2305 tenuibus
902 2251 996 2304 initiis

181 2337 241 2375 sum
262 2325 333 2375 sisse
340 2322 493 2376 exordium.
506 2323 995 2390 Quodpaullatim,imitationepro·

181 2401 230 2462 gre
252 2397 325 2445 iente
338 2392 549 2456 confirmatum,
569 2393 613 2444 ita
623 2393 786 2453 increbruit,
804 2399 838 2445 ut
849 2410 885 2445 ne
898 2391 996 2459 augeri

181 2462 292 2538 pridem
303 2467 353 2512 out
363 2462 533 2530 exaggerari
541 2463 634 2531 magis
645 2470 751 2530 posset.
762 2463 845 2525 Quod
858 2462 886 2515 si
896 2462 959 2514 ulla
969 2460 996 2512 in

181 2543 213 2582 ro
224 2537 334 2598 gratum
346 2531 429 2583 nubis
441 2538 526 2600 atque
539 2539 666 2602 optatum
678 2548 740 2585 esse
751 2531 850 2596 debet,
870 2539 952 2587 certe
967 2531 996 2583 in

181 2599 400 2670 dumpleotendis
411 2600 654 2671 provehendisque
666 2603 819 2655 uirtutibus
829 2620 886 2655 nun
903 2602 996 2664 rideo,

180 2668 247 2732 quid
258 2683 320 2721 esre
329 2670 421 2738 possit
431 2673 567 2740 optatius,
601 2672 747 2743 Siquidem
760 2688 796 2728 ex
806 2672 850 2728 his
859 2672 995 2725 informs·
