2084 3025
261 114 342 167 um.
359 115 398 168 m
435 115 518 170 cir.
536 81 633 170 tros.
797 116 851 174 ιω

59 216 152 283 quibus,
163 224 193 268 et
205 218 311 282 apertis
322 218 419 283 oculis,
434 218 460 268 si
469 218 536 285 quid
545 218 689 282 incideret,
702 218 851 287 repedem

30 305 33 316 ·
60 291 108 348 tur;
121 291 148 336 et
156 301 254 336 somno
268 285 484 349 conniventibus,
498 302 584 353 quum
594 288 683 340 nouus
693 288 729 341 etl
739 305 851 342 cenes·

58 353 115 404 dum
125 369 176 403 non
187 369 343 421 egeremus,
363 354 460 420 utqui,
478 362 621 422 tamquam
630 358 761 420 involuti,
774 359 851 425 quis·

58 421 163 474 suerent.
197 423 303 473 Latent
312 429 459 487 praetereo
467 424 586 487 utiliter,
600 432 630 477 et
641 427 760 480 excelsis
771 426 852 480 undi-

60 506 104 557 que
122 491 249 557 pertibus
268 491 420 556 sepiuntur.
459 491 583 544 Primum
602 496 676 546 enim
695 496 851 563 superiore,

59 560 205 625 superciliis
217 560 349 622 obductu,
365 560 494 613 sudorem
506 576 525 611 n
534 564 625 628 eapite
635 570 665 616 et
674 579 692 615 o
701 564 793 618 fronte
804 563 852 618 ds·

58 626 179 680 drentem
189 629 339 696 repellunt.
368 629 462 682 Geuue
473 629 573 683 deinde
583 633 618 684 ab
628 632 760 686 inferiore
771 638 851 699 parto

59 703 176 749 tutentur
195 699 353 760 subiectae,
368 696 537 765 leniterque*
551 702 712 755 eminentes.
747 702 851 754 Nesus·

60 781 104 834 que
112 768 151 818 ita
160 767 271 818 loeutus
282 774 333 829 est,
350 773 381 818 ut
390 768 470 835 quasi
480 784 575 819 murus
587 770 676 821 oculis
686 771 850 823 interiectus

61 850 112 887 esse
130 836 270 888 rideatur.
307 833 368 887 144.
388 837 507 888 Auditus
521 844 615 889 autern
633 854 744 905 semper
759 844 850 906 petetz

60 905 111 956 eius
130 904 205 957 enim
224 920 307 955 sensu
328 906 414 956 etiam
431 904 601 959 dormientes
615 921 742 974 egernusz
764 923 782 960 s
797 922 852 974 qino

74 989 132 1024 uum
141 989 229 1025 sonus
240 980 283 1025 est
293 982 437 1040 acceptus,
456 976 543 1027 etiam
553 991 571 1026 a
581 991 679 1030 somno
690 975 852 1029 excitemur.

56 989 217 1096 lemnum
229 1044 285 1094 iter
295 1041 393 1106 hebet‚'
411 1044 521 1111 nequid
536 1044 642 1097 intrnre
655 1045 757 1111 possit,
777 1044 853 1113 quod
904 1065 910 1072 ·

55 1117 151 1179 posset,
171 1114 198 1162 si
213 1112 334 1177 simplex
349 1119 378 1164 et
396 1112 532 1164 directum
551 1120 669 1180 peteret.
705 1112 852 1167 Provisum

55 1182 145 1243 etium,
162 1188 195 1232 ut
211 1180 239 1232 si
254 1196 311 1248 quo
327 1182 443 1232 minima
455 1182 577 1234 bestiole
591 1189 739 1236 coneretur
752 1184 853 1235 inum·

54 1266 123 1320 pere,
141 1251 172 1300 in
182 1249 313 1301 sordibus
323 1252 442 1313 aurium,
462 1257 601 1317 tamquam
611 1252 640 1302 ln
649 1253 736 1315 visco,
757 1249 853 1304 inhae-

53 1324 177 1371 resueret.
214 1319 304 1369 Extra
318 1326 411 1371 autom
427 1321 563 1383 eminent,
583 1336 655 1388 quoe
673 1321 853 1389 appellantur

53 1403 137 1448 aures,
152 1394 181 1439 et
190 1387 307 1455 tegendi
317 1404 417 1440 caussa
427 1388 520 1440 factae
529 1389 692 1457 tutandique
701 1406 809 1451 sensus,
822 1395 853 1440 st

51 1472 83 1509 ue
98 1456 225 1508 adiectae
239 1471 323 1508 voces
334 1457 497 1509 laberentur
510 1464 594 1526 atque
604 1465 743 1522 errarent,
763 1459 853 1526 prius·

52 1542 128 1594 quam
139 1522 237 1578 sensus
247 1528 283 1577 ab
293 1525 338 1577 his
346 1528 444 1593 pulsus
453 1534 537 1579 esset.
569 1527 625 1581 Sed
635 1529 720 1581 duros
731 1534 761 1580 et
771 1527 853 1593 quusi

55 1593 466 1658 corneoloshabentintroitus,
485 1594 852 1662 multisqueeumflexibus3

53 1665 121 1731 quod
133 1662 179 1715 his
193 1665 303 1714 naturis
316 1666 422 1715 relatus
441 1662 630 1730 amplificetur
649 1679 749 1716 sonunt
785 1678 853 1731 quo·

53 1732 444 1785 cirenetinlidibustestudine
455 1738 605 1784 resonatur
614 1738 663 1783 out
674 1747 773 1793 cornu,
783 1739 853 1786 etex

53 1804 183 1854 tortuosis
193 1803 265 1853 locis
276 1807 305 1853 et
314 1801 432 1853 inclusis
441 1801 506 1853 soni
522 1799 682 1853 referuntur
692 1801 851 1868 ampliores.

55 1868 104 1922 145.
111 1870 250 1922 Similiter
259 1887 350 1934 nares,
360 1886 432 1938 quoe
441 1886 551 1938 semper
560 1872 851 1939 propternecessuriss

54 1941 184 1992 utilitates
195 1947 307 2007 patent,
328 1939 529 1992 contractiores
540 1939 644 1993 habent
654 1941 796 2002 introitus,
815 1956 852 1993 ns

53 2009 111 2074 quid
121 2010 152 2059 in
163 2025 228 2072 eus,
248 2009 324 2076 quod
335 2015 449 2071 noceat,
467 2010 556 2076 possit
572 2009 737 2076 persedere:
757 2008 853 2061 humo·

51 2091 159 2145 remque
173 2094 286 2145 semper
300 2076 420 2140 habeut,
440 2078 475 2129 ad
491 2077 632 2144 pulverem
642 2078 785 2145 multaque
796 2076 854 2129 slis
941 2138 946 2143 ¹

51 2145 213 2214 depellenda
221 2163 278 2198 non
287 2148 425 2200 inutilem.
459 2144 594 2213 Gustatus
605 2148 747 2213 prneelnte
757 2153 853 2213 septus

50 2223 95 2267 est.
133 2218 192 2269 Ore
203 2217 278 2268 enim
289 2217 456 2277 continetur,
471 2223 499 2267 et
510 2216 545 2267 sd
555 2232 635 2268 usum
646 2223 719 2283 opto,
729 2224 758 2268 et
767 2215 803 2267 sd
813 2215 854 2265 in·

50 2284 223 2338 columitatis
234 2286 399 2336 custodiam.
427 2283 525 2335 LVlll.
536 2285 686 2352 Omnisque
695 2299 794 2338 sensus
805 2280 855 2333 ho·

49 2354 150 2407 minum
157 2355 252 2408 multo
263 2354 409 2406 antecellit
418 2355 545 2406 sensibus
551 2354 713 2406 bestiarum.
729 2352 855 2405 Primum

49 2424 118 2473 enim
131 2423 209 2476 oculi
220 2425 251 2475 in
260 2425 295 2474 iis
306 2423 422 2484 artibus,
432 2437 549 2490 quarum
559 2422 694 2474 iudicium
705 2427 749 2475 est
759 2419 856 2470 oeulo-

48 2503 115 2555 rum,
127 2494 160 2546 in
170 2492 265 2559 pictis,
277 2493 359 2555 lictis,
368 2491 539 2558 caelatisque
548 2491 653 2554 formis,
666 2492 697 2543 in
707 2498 857 2553 corporum

49 2561 130 2615 niam
142 2562 272 2615 motione
288 2569 372 2629 atque
386 2568 467 2627 gestu
483 2560 573 2611 multe
588 2565 704 2612 cernunt
714 2552 857 2607 subtilius.

49 2628 185 2684 colorum
197 2629 283 2685 etiem
293 2637 321 2682 et
332 2631 486 2697 liguraruur
498 2629 581 2696 [turn]
591 2630 767 2680 venustatem
775 2624 860 2686 tuln·
