2084 3025
180 108 261 173 442'
301 84 304 93 ’
372 114 551 169 neonem
568 115 776 169 lucrosus
805 178 807 181 v

179 221 323 275 vissimsm
337 221 383 274 vel
398 220 629 273 consuetudinem
643 223 691 274 rel
705 221 864 274 corneum
885 222 989 275 todibi·

178 308 249 344 urus.
272 292 395 345 Mortem
406 293 463 343 suis
474 292 603 343 acerbam
613 303 790 359 amaramqne
800 293 831 343 in
842 295 987 349 moriende

178 378 255 425 esse,
277 361 407 414 nonnulli
418 361 595 422 existimant,
619 361 781 428 atqueidco
792 362 919 414 fortasse
929 378 989 430 per·

176 432 341 496 turbantur3
353 432 426 499 quod
434 447 478 483 me
489 432 612 497 quidem,
622 432 741 484 sublatis
750 433 934 498 gravioribus
942 431 987 483 do-

175 500 254 556 lendi
266 501 386 565 caussis,
407 517 476 569 quas
491 502 548 554 iam
563 503 702 568 superiori
713 502 910 568 disputatione
922 503 990 554 reie-

178 568 279 636 cisset,
299 573 414 625 minime
433 573 521 639 augit.
557 572 620 639 lmc
633 573 708 624 euim
719 571 857 622 discessus
874 574 989 623 animis

177 657 297 711 erupere
307 644 351 696 vel
364 658 424 695 curn
435 643 528 705 nullo,
550 642 596 694 vel
604 650 681 694 certe
692 657 754 693 curn
764 641 878 692 modico
891 642 988 694 dolore

177 714 225 774 tit,
247 718 276 765 et
287 713 427 765 interdum
437 713 499 765 sine
508 727 604 764 sensu:
621 726 832 778 'nonnumquam
844 712 949 774 etiam,
965 711 990 761 sl

176 789 254 835 recte
263 784 396 850 sapimus,
407 798 469 834 eum
480 783 634 848 voluptate.
661 781 716 834 Sed
728 780 862 848 quidquid
874 782 937 851 sitq
949 788 988 831 to·

176 857 238 902 tum
251 851 306 904 hoc
322 852 364 905 ita
378 854 440 905 leve
454 860 509 915 est,
531 852 628 920 qualia
640 858 706 902 suut
721 867 770 913 ea,
792 865 866 917 quae
882 858 986 919 puncto

175 923 310 989 temporis
321 923 400 974 liunt.
435 922 509 983 Nec,
530 923 555 973 si
567 937 643 973 mors
658 921 754 988 paullo
772 920 890 987 longior
904 919 989 971 alicui

177 993 335 1060 contingat,
347 992 551 1058 desperandum
567 999 613 1043 est
623 992 657 1044 de
670 992 794 1044 Deorum
810 995 987 1056 naturaeque

109 1064 114 1075 ¹
175 1060 364 1128 benignitate,
378 1063 445 1130 quin
456 1077 489 1114 eo
501 1077 613 1128 quoque
623 1069 748 1128 tempore
759 1066 987 1127 properantem
1026 1060 1027 1067 ’

174 1131 235 1183 vite
247 1132 390 1185 discedere
401 1131 517 1184 foveant
533 1140 617 1200 atque
628 1132 758 1184 allevent.
795 1130 887 1181 Cuius
904 1130 946 1181 rei
960 1132 988 1180 is

174 1203 358 1254 morientibus
373 1201 537 1267 saepissime
551 1201 632 1268 signa
644 1201 758 1251 minime
768 1198 855 1250 dubia
872 1214 987 1250 ceruus·

173 1278 233 1322 tur:
255 1287 347 1338 quum,
362 1271 464 1329 velutle
474 1284 573 1322 somno
584 1270 678 1333 exciti,
689 1280 749 1337 quo·
757 1276 888 1336 tompore
901 1276 988 1321 extre

174 1356 250 1392 muru
262 1342 389 1407 spiritum
401 1340 505 1392 edituri
515 1347 594 1403 sunt,
614 1343 655 1392 ita
665 1340 817 1408 gaudentes
831 1346 860 1391 et
877 1340 985 1391 alacres

177 1411 348 1477 adspiciunt,
368 1415 401 1462 ut
416 1410 603 1464 libentissime
617 1410 726 1462 iudices
738 1426 753 1462 e
763 1411 823 1461 vita
833 1408 986 1476 proticisci.

174 1481 362 1543 Quamobrem
377 1497 412 1534 ue
434 1480 503 1533 haee
513 1481 624 1548 quidem
636 1480 723 1533 ullam
739 1495 857 1547 aequam
876 1477 985 1532 doloris

174 1551 276 1604 afferre
288 1568 415 1605 cnusssm
426 1558 556 1619 possuut3
569 1552 617 1618 qui
626 1558 702 1604 certe
714 1549 946 1616 comprimendus
956 1562 986 1600 ae

172 1621 340 1674 minuendus
352 1628 403 1685 est,
422 1621 507 1688 quod,
526 1624 611 1674 etiam
621 1621 879 1687 stnoliqtempore
891 1627 988 1672 tamen

171 1690 234 1756 ipso
256 1698 422 1743 extenuatur
440 1698 468 1743 et
483 1692 637 1743 evanescitz
658 1706 722 1752 non,
744 1690 820 1756 quod
839 1686 986 1741 minuendi

99 1815 102 1828 A
173 1761 282 1812 doloris
291 1762 335 1813 vis
345 1763 375 1812 in
384 1764 447 1826 ipsa
457 1762 503 1812 die
513 1761 606 1828 posita
615 1760 666 1822 sit,
685 1760 735 1812 sed
745 1760 820 1825 quod
836 1775 909 1810 usus
925 1761 986 1825 ipso

173 1831 366 1897 cogitatioque
377 1831 501 1881 diuturni
512 1831 648 1897 temporis
659 1831 774 1890 doceat,
794 1828 867 1880 nihil
881 1845 947 1881 esse
957 1829 985 1878 in

172 1906 265 1951 morte
275 1901 360 1963 mali,
380 1900 500 1967 ideoque
517 1901 618 1953 leviter
629 1905 659 1951 et
674 1900 814 1965 patienter
825 1897 985 1951 ferendam.

172 1967 231 2022 See
242 1974 324 2036 turpe
333 1971 504 2036 stultumque
516 1976 560 2022 est
576 1968 699 2031 homini,
720 1974 801 2020 tanto
811 1975 931 2035 umque
942 1981 985 2016 va·

172 2038 217 2089 ria
226 2047 319 2090 remor
330 2041 492 2105 cognitione
503 2041 656 2101 instructo,
675 2054 732 2092 non
741 2054 758 2088 u
768 2053 798 2089 so
807 2039 872 2103 ipso
889 2038 985 2103 potius

172 2114 298 2170 mature,
319 2124 400 2174 quam
413 2124 476 2159 soro
488 2110 524 2159 ab
534 2125 587 2160 usu
598 2115 628 2159 et
639 2109 809 2175 cogitatione
820 2103 936 2157 doloris
945 2119 985 2155 re·

171 2177 268 2229 media
278 2184 456 2242 exspectare:
473 2193 543 2243 quae
554 2185 613 2229 tam
623 2178 705 2229 firma
714 2184 787 2239 sunt,
800 2182 834 2227 ut
842 2178 984 2227 nerninem

172 2241 236 2297 fore
247 2251 351 2311 putem,
362 2261 444 2313 quern
453 2262 509 2297 non
519 2246 697 2299 vehementer
707 2262 760 2297 nou
772 2247 871 2297 iurent
881 2246 984 2304 solun,

173 2314 223 2367 sed
234 2316 318 2366 etiam
329 2323 520 2382 permoveant.
549 2315 621 2369 Mihi
633 2331 699 2368 cere
709 2331 743 2368 eo
755 2316 844 2381 magis
855 2327 985 2367 necess&

171 2383 414 2451 malueruntque
426 2387 536 2452 turpius
546 2388 637 2438 vuum
648 2391 731 2447 esset,
743 2400 797 2447 me,
815 2384 860 2452 qui
872 2392 987 2442 cetere!

173 2453 401 2506 constantissime
413 2456 583 2510 consolatus
593 2471 696 2517 essem,
716 2457 744 2505 in
759 2468 821 2506 meo
833 2453 937 2505 dolore
946 2454 988 2505 is·

176 2533 252 2598 ceres
264 2534 373 2587 voxque
384 2524 435 2573 illa
444 2526 583 2588 exaudiri,
595 2532 624 2577 et
631 2524 753 2578 fortasse
763 2539 818 2576 non
828 2524 987 2584 immerite,
1024 2529 1027 2616 1

173 2593 322 2650 putursset,
341 2589 458 2646 Hiecins
468 2594 513 2647 ille
525 2596 633 2657 Cicero,

243 2682 276 2693 -
287 2658 364 2711 cuius
374 2659 406 2712 od
417 2667 446 2715 o‘t
459 2662 545 2720 Graii
554 2666 603 2719 o‘ro
615 2663 787 2720 obvenerint
795 2662 865 2718 tus!
