2084 3025
224 169 279 226 iso
498 165 558 220 DE
572 162 763 220 urricus

225 270 438 340 polonensis«)
463 269 643 322 adludicavit.
678 264 899 335 Decipere-hoc
911 265 1032 334 ossillum

225 347 280 402 est,
288 355 343 392 nou
353 340 489 392 iudicata
515 340 652 401 Quocirca
666 338 825 391 in-omnire
837 337 974 405 fuglenda
983 341 1030 389 est

225 410 298 463 talis-
309 408 446 461 sollertia
625 418 634 425 ‘
1002 441 1008 453 .

280 477 328 528 XJ.
351 478 421 531 Sunt
435 483 527 529 autem
541 476 685 544 quaedam
694 476 788 528 officia
800 474 883 528 etiam
894 473 1031 526 adversus

227 562 277 600 eos
286 546 461 608 servandae
471 547 569 613 quibus
579 547 714 597 iniuriam
720 547 874 612 acceperis..
889 545 945 595 Est
953 544 1032 595 enim

226 615 379 668 ulciscendi
390 623 419 666 et
429 614 559 682 puniendi
571 616 677 666 modus.
712 617 806 681 Atque
812 612 972 676 haudscio,
994 627 1033 664 au

226 686 298 737 sctis
307 684 353 747 sit,
371 699 441 744 cunr,
457 685 504 751 qui
514 683 677 744 lacessierit,
695 684 894 753 iniuriae-suae
904 682 1032 748 poenite·

226 769 270 806 re:
294 758 366 803 utet
380 753 483 819 ipsene
493 752 560 820 quid
572 751 769 819 taleposthac,
789 757 817 804 et
826 751 984 804 ceteri-sint
994 748 1032 801 ael

66 834 76 843 ·’
119 865 126 871 ,
226 822 357 874 iniuriam
368 821 516 872 tasdiores.
553 821 595 873 34.
612 823 702 888 Atque
714 821 897 887 inrepubiica
906 819 1032 871 maxime

228 890 419 944 conservanda
428 896 493 940 sunt
503 890 566 940 iura
576 890 654 941 belli.
673 889 744 941 Nam
755 905 838 956 quum
849 890 904 940 sint
914 887 972 938 (luo
985 902 1032 954 ge·

227 959 480 1021 neradecertandi3
498 973 582 1009 unum
593 974 644 1025 pen
653 959 895 1024 disceptationem,
907 957 1031 1008 aiterum

227 1043 277 1096 per
288 1029 364 1078 rime
380 1040 516 1092 quumque
530 1028 602 1078 illud
617 1029 759 1095 proprium
771 1026 956 1089 sithominis,
977 1024 1031 1076 hec

226 1096 395 1149 belluanun:
415 1095 631 1162 confugiendum
650 1101 693 1148 e'st
714 1097 750 1148 sel
771 1097 924 1162 posterius,
944 1093 1033 1146 siuti

226 1179 282 1214 non
293 1164 360 1215 licet
369 1164 534 1230 superiore.v
564 1165 607 1222 35.
625 1169 719 1229 Quare
733 1164 908 1232 suscipienda
918 1162 1032 1230 quinem

164 1265 193 1293 's
229 1232 305 1285 bella
319 1239 384 1284 sunt
400 1235 435 1284 ob
452 1248 516 1285 eam
532 1250 672 1300 caussam,
693 1244 725 1286 ut
736 1236 795 1287 sine
806 1233 950 1285 iniuriain
958 1247 1031 1301 usos

229 1301 352 1351 vivatur:
375 1307 562 1368 partaautem
578 1305 710 1366 victoria,
733 1302 914 1356 conservandi
929 1302 963 1364 ii,
983 1301 1032 1370 qui

228 1385 283 1422 non
295 1369 419 1422 crudeles
430 1365 556 1437 inbelle,
574 1388 630 1424 non
642 1374 776 1425 immanes
787 1372 913 1424 inermies
931 1377 965 1423 ut
974 1385 1032 1423 mu

120 1487 124 1497 ,
227 1440 303 1491 iores
314 1440 403 1491 nostri
414 1439 596 1503 Tusculanos,
613 1444 732 1509 Aequos,
753 1440 887 1504 Volscos*
900 1440 1031 1505 Sabim

151 1557 154 1561 s
227 1508 366 1561 Hernicos
376 1509 405 1559 in
416 1509 561 1561 civitatem
573 1511 657 1563 etiarn
670 1518 847 1579 aeceperunt:
868 1518 898 1562 st
908 1507 1031 1562 Kartina-

227 1578 1032 1722 tltiilsititit„illititsttiif‘ttttttlit

226 1721 284 1767 tem
294 1715 350 1768 loci
361 1716 491 1778 maxiem,
512 1732 547 1768 ne
558 1724 653 1783 posset
664 1720 812 1788 aliquando
825 1719 861 1786 ad
873 1717 981 1770 bellum
991 1717 1032 1769 fs·

227 1784 353 1835 ciendum
364 1785 443 1836 locus
459 1786 518 1851 ipse
530 1785 682 1841 adhortari.
717 1789 784 1840 Mea
796 1788 906 1854 quidem
920 1781 1032 1842 seuten-

196 1881 199 1888 ·
226 1855 278 1915 tiu,
289 1854 359 1918 paci,
374 1869 444 1919 quae
455 1853 525 1905 nihil
535 1853 667 1909 habitura
677 1858 714 1908 sit
724 1856 897 1919 insidiarum,
919 1869 1032 1923 semper

161 1975 166 1980 ,
227 1926 271 1973 est
288 1923 494 1975 consulendum.
530 1924 563 1976 ln
577 1940 632 1998 qim
648 1928 675 1977 si
687 1924 754 1977 nihi
765 1932 841 1979 esset
856 1928 1032 1992 obtempera·

226 1996 301 2063 lumi
312 1991 338 2041 si
350 2006 405 2042 non
416 1994 558 2058 optimam,
569 2000 601 2046 at
612 1995 734 2063 aliquem
745 1994 952 2062 rempublicam
957 2007 1032 2062 quse

226 2071 299 2138 nunc
308 2059 386 2109 nulla
396 2068 447 2122 est,
459 2061 631 2116 haberemus.
668 2066 707 2116 Et
716 2080 799 2132 quum
809 2065 934 2132 linques
945 2064 975 2115 vi
985 2063 1033 2116 ue-

227 2126 337 2188 viceris,
348 2129 546 2182 consulendum
557 2140 617 2197 est;
634 2139 695 2187 tum
706 2134 736 2196 ii,
757 2134 812 2200 qni,
823 2134 907 2185 ermis
918 2132 1031 2199 positis,

228 2194 264 2247 ari
275 2194 475 2261 Imperatorum
495 2199 579 2253 iidem
591 2202 763 2272 confugient,
784 2202 913 2270 quamvis
920 2215 1033 2254 murum

229 2264 303 2315 aries
314 2268 490 2330 percusserit,
501 2271 657 2337 recipiendi
668 2278 740 2324 sunt.
776 2273 807 2323 ln
817 2287 872 2339 quo
882 2277 1034 2338 tantopere

228 2332 302 2399 apud
312 2342 423 2385 nostros
434 2337 545 2391 iustitia
556 2340 632 2391 culta
641 2348 692 2404 est,
703 2348 735 2393 ut
744 2341 773 2403 ii,
783 2341 832 2407 qui
841 2341 971 2392 civitates
983 2346 1035 2394 sut

226 2403 355 2455 nationes
365 2403 488 2458 devictas
498 2407 574 2461 bello
588 2409 617 2459 in
627 2410 712 2464 fidem
725 2411 909 2476 recepissent,
933 2423 1033 2462 esrum

228 2472 342 2538 patroni
357 2479 449 2524 essent
463 2490 540 2528 more
551 2479 694 2536 maiorum.
730 2478 772 2531 ³6.
790 2479 856 2530 Acb
886 2478 1033 2545 liquidem

228 2542 353 2607 nequitus
364 2544 536 2597 sanctissime
552 2545 644 2602 fetiali
661 2548 758 2614 populi
768 2548 874 2600 Roman
896 2548 960 2599 iure
971 2562 1035 2615 pes·

228 2611 333 2675 scripta
344 2618 395 2662 est.
431 2613 475 2663 Ex
486 2617 540 2679 quo
551 2615 673 2684 intelligi
682 2622 787 2683 potest,
807 2617 913 2669 nullum
924 2617 1034 2671 belisa

228 2691 289 2731 esse
307 2681 425 2744 iustum,
444 2682 499 2733 nisi
510 2683 587 2750 quod
602 2693 652 2742 sut
667 2688 750 2741 rebus
764 2686 893 2754 repetitis
904 2691 1033 2754 geratur.
