2084 3025
279 92 357 147 ΗΒ.
375 93 397 147 l.
432 91 517 147 CAP.
535 88 632 148 3233.
819 89 854 146 35

60 205 88 253 et
103 199 222 250 libenter
240 196 359 264 quidem.
395 194 535 250 Virtutem
560 203 653 250 sutem
668 196 727 250 sine
743 195 854 248 ratione

10 269 11 274 ’
62 276 182 322 eonstare
202 279 258 317 noo
278 281 370 334 posset
406 267 559 319 Conveniat
572 267 603 319 id
618 282 727 336 quoque
743 279 854 318 necesso

61 346 107 391 est.
141 337 289 403 Adiungis,
309 336 369 388 Nec
383 338 520 388 rationem
535 353 609 400 esso,
629 338 683 388 nisi
696 337 725 387 in
735 334 855 388 housinis

62 409 154 475 ligura.
189 408 277 469 Quen
292 406 346 457 tibi
358 404 412 457 hoc
426 406 555 462 daturum
569 407 667 474 putas!
688 404 718 458 si
732 405 805 458 enim
816 404 857 455 its

64 485 139 537 esset,
158 473 235 543 quid
246 490 315 542 opus
336 482 398 527 erat
416 481 444 528 te
457 476 596 546 gradatim
611 477 682 528 istoc
696 473 856 543 perveniret

63 546 218 612 sumpsisses
229 551 278 595 tuo
289 546 358 597 iure.
374 545 446 608 Quid
458 552 551 597 sutem
563 553 606 598 cst
614 545 688 598 istud
699 542 856 613 gradatim!

63 615 127 668 Nam
139 614 255 666 abeatis
265 614 301 665 ad
314 615 460 677 virtutem,
481 631 499 667 a
508 616 613 668 virtute
625 616 661 667 sd
671 615 808 667 retiooem
818 613 858 663 ti·

64 685 111 736 deo
120 690 148 736 tc
157 684 265 735 venisse
275 683 414 752 gradibus.
433 687 455 735 Α
465 685 576 737 ratione
588 685 622 736 ud
632 685 778 737 humanam
790 684 858 750 figu-

65 770 119 805 ram
133 768 186 820 quo
204 753 289 804 modo
304 753 430 805 accedisi
450 753 641 820 Praecipitare
656 754 731 805 istud
746 753 857 821 quidem

67 829 174 885 estnon
184 822 362 875 descendere.
390 824 432 876 00.
444 821 503 876 Nec
513 840 580 875 vero
591 823 731 890 intelligo,
742 838 791 874 cur
802 837 858 874 ms·

65 893 142 945 luerit
151 893 288 959 Epicurus
298 892 375 944 Deos
386 891 530 945 hominum
542 893 648 944 similes
660 892 763 954 dicere,
775 903 857 959 quatu

61 963 184 1015 ‘honiiues
195 961 328 1013 Deorum.
365 962 498 1024 Quaeres,
509 962 578 1029 quid
588 963 710 1014 intersit
746 959 776 1013 Si
786 963 857 1013 enirn

63 1032 165 1083 hocilli
175 1031 268 1082 simile
282 1032 332 1093 sit,
352 1047 413 1084 esse
428 1032 498 1083 illud
513 1032 587 1083 huic.
623 1030 727 1098 Video;
747 1030 796 1085 sed
808 1029 860 1083 hoe

63 1102 134 1163 dieo,
154 1117 210 1151 non
224 1100 259 1151 ab
274 1098 432 1152 hominibus
447 1101 555 1154 formae
568 1101 685 1170 liguram
700 1101 809 1154 senisse
824 1099 860 1153 ad

60 1173 142 1225 Deos.
160 1170 209 1221 Dii
219 1171 293 1222 enim
303 1186 414 1237 semper
423 1170 549 1233 ioemut3
561 1172 624 1222 neti·
631 1187 779 1239 numquam
786 1179 860 1232 suut,

60 1240 204 1309 siquidem
215 1240 321 1292 aeterni
330 1247 396 1292 suot
405 1241 500 1292 intuli.
520 1242 557 1304 At
567 1240 692 1294 homines
703 1242 771 1294 noti.
789 1242 860 1293 Anto

59 1312 146 1431 ifitur
154 1309 275 1362 humana
286 1310 384 1372 forma,
405 1326 488 1378 quoni
498 1308 632 1374 homines,
653 1327 698 1374 oa,
718 1318 862 1380 quaerant

58 1380 72 1448 ί
85 1396 164 1432 orma
185 1380 232 1430 Dii
242 1380 427 1433 immortales.
462 1380 525 1433 Non
537 1395 605 1448 ergo
617 1378 730 1432 illorum
741 1380 861 1433 humone

60 1450 164 1514 forma,
185 1449 235 1501 sed
250 1456 348 1502 nostra
364 1450 459 1502 divina
474 1451 591 1503 dicenda
607 1457 658 1503 est.
693 1449 797 1503 Verum
806 1447 870 1502 lioe'

60 1521 183 1589 quidem,
200 1521 356 1572 utvoletis:
377 1520 448 1571 illud
464 1536 577 1589 quaero,
600 1536 672 1588 quae
686 1521 771 1573 fuerit
781 1527 862 1572 tants

59 1589 172 1642 fortuna
187 1590 270 1653 (nihil
286 1590 402 1642 enimin
417 1606 509 1642 renum
525 1590 748 1655 autumnatione
758 1590 861 1642 iactum

61 1675 120 1714 essu
135 1660 236 1722 vultis)
271 1657 314 1712 91.
330 1660 379 1711 sed
395 1666 488 1712 minen
505 1661 569 1728 quis
584 1661 639 1710 iste
655 1666 749 1712 tentus
765 1659 862 1712 emunt
943 1698 950 1711 .

59 1730 132 1782 unde
142 1736 202 1781 tam
210 1730 281 1781 felix
292 1745 440 1781 concursus
458 1737 629 1791 atomorum,
648 1727 863 1797 strepentelio·

60 1801 149 1852 minos
159 1799 283 1851 Deorum
299 1799 390 1851 forma
405 1796 601 1851 nascerentur?
620 1798 732 1853 Semina
740 1799 862 1852 Deorum

9 1918 11 1921 ,
61 1869 199 1922 decidisse
207 1870 245 1921 de
256 1869 334 1920 caelo
346 1871 375 1920 in
387 1876 477 1922 terras
488 1876 629 1936 putamus,
649 1876 678 1923 et
688 1870 728 1922 sic
738 1869 862 1922 homines

9 1990 11 1993 ,
60 1946 170 2006 patruni
180 1939 287 1990 similes
298 1938 456 1997 exstitisse?
466 1938 575 1990 Vellem
587 1939 729 1993 diceretis:
739 1939 863 1992 Deorum

9 2030 11 2045 =
60 2010 256 2076 cognationem
268 2023 448 2076 agnoscerem
460 2024 514 2060 non
525 2009 636 2061 inritus.
669 2008 746 2061 Nihil
756 2010 813 2062 tale
824 2008 864 2060 di·

28 2110 30 2117 ι
62 2080 135 2131 citis:
158 2078 208 2130 sed
221 2095 287 2130 casu
296 2078 483 2143 emerseram,
504 2085 536 2129 ut
546 2076 668 2131 Deorum
678 2079 782 2133 similes
792 2095 864 2132 esse·

60 2163 128 2202 mus.
145 2150 185 2200 Et
196 2164 268 2199 nunc
278 2144 443 2216 arg'umenta
454 2148 611 2215 quaerenda
621 2155 692 2211 sunt,
703 2151 802 2216 quihus
810 2147 865 2200 hoe

60 2217 227 2270 refellatur?
246 2219 359 2270 Utinam
375 2224 431 2269 tem
444 2218 527 2285 facile
536 2233 602 2271 vera
611 2219 735 2271 invenire
745 2234 864 2287 possem,

59 2302 142 2355 qoam
167 2288 240 2340 falso
267 2290 439 2353 convincere.
481 2287 607 2341 xxxin.
627 2289 736 2340 Etenim
756 2303 864 2340 enumc-

57 2360 128 2408 rnsti
140 2359 305 2410 memoriter
315 2366 344 2411 et
355 2359 469 2424 copiose
480 2363 522 2422 (ut
533 2357 601 2410 mihi
611 2357 720 2425 quidem
732 2357 866 2409 admirari

56 2425 177 2491 liberet,
197 2430 228 2479 in
243 2428 357 2481 hunnine
371 2428 567 2480 essoRomano
584 2433 691 2479 tautam
708 2426 865 2482 scientiam)
918 2430 928 2441 '

53 2514 143 2569 osque
165 2515 183 2550 a
199 2499 291 2551 Thule
305 2493 420 2549 Milesio
440 2497 474 2549 de
490 2505 592 2567 natura
605 2498 729 2549 Deorum
744 2494 867 2560 philoso·
939 2546 943 2555 ¹

53 2570 176 2634 phorum
199 2569 363 2622 sententias.
400 2567 445 2619 92.
466 2569 604 2619 Omnesne
619 2567 672 2617 tibi
689 2564 733 2614 illl
748 2561 867 2613 delirare

52 2641 105 2692 risi
118 2649 196 2704 sunt,
207 2644 254 2708 qui
265 2639 326 2689 sine
338 2637 465 2689 manibus
477 2643 505 2689 et
516 2637 634 2752 pedibus
645 2639 774 2754 {onstare
780 2631 867 2679 Deum
