2084 3025
222 183 274 242 212
449 185 505 238 DE
524 184 811 250 DIVINATIONE

223 298 287 345 runt
298 287 368 342 fato.
408 288 504 342 Vultis
516 297 612 355 autern
628 291 722 341 omnia
736 290 805 342 fato.
833 290 926 342 -NuIIa
939 291 1019 360 igitur

223 368 265 415 est
276 360 423 412 divinatio.
459 358 502 412 21.
520 360 603 425 Quod
618 363 643 411 si
653 360 742 411 fatum
753 360 820 422 suit,
838 361 912 412 bello
923 361 1020 413 Punico

223 430 344 484 secundo
356 431 510 481 exereitum
526 432 623 497 populi
633 431 752 482 Romani
764 431 800 481 ad
816 431 905 482 Iaeunr
916 431 1021 482 Thrasi-

225 515 334 552 menum
346 500 476 551 interire:
497 501 604 551 numid
616 501 700 554 vitari
714 502 821 567 potuit,
843 501 867 550 si
877 501 1021 552 Flaminius
1039 518 1040 521 ¹

223 569 328 623 Consul
346 570 381 620 iis
401 570 489 635 signis
508 570 600 637 iisque
620 571 766 636 auspiciis,
784 571 886 637 quibus
905 584 1023 638 pugnare
1039 634 1040 637 Ἴ

224 638 433 708 prohibebatur,
444 640 602 705 paruisseti
616 640 715 706 [Certe
726 639 840 707 potuit]
876 641 930 690 Aut
940 642 1023 707 igitur

77 710 80 713 ”
160 736 166 742 -
223 707 824 762 nonfatointeriitexercitns:mutarienirn
835 709 1023 777 iatanenpos·

225 786 304 831 sunt:
315 785 372 841 aut,
383 779 408 829 si
418 778 492 843 iato;
504 779 577 845 quod
585 785 664 831 certe
675 781 754 830 robis
765 781 805 831 ita
816 780 961 831 dicendum
972 788 1023 832 est:

226 850 312 903 etiam
331 849 356 901 si
375 849 597 915 obtemperasset
617 851 758 915 auspiciis,
779 850 852 901 idern
867 856 1022 901 eventurum

226 919 334 973 fuisset.
346 919 399 969 Ubi
408 925 451 970 est
461 919 547 986 igitur
558 919 693 970 divinatio
705 921 760 970 ista
769 919 941 971 Stoicorum?
950 932 1024 986 quac,

226 991 252 1041 si
266 989 326 1041 fato
343 989 437 1040 omnia
454 990 537 1050 fiunt,
558 987 625 1039 nibil
641 1005 691 1039 nos
703 991 853 1041 admonere
868 995 975 1055 potest,
997 999 1024 1040 ut

225 1061 367 1110 cautiores
378 1059 472 1109 simus.
484 1061 602 1125 Quoquo
614 1058 687 1110 enirn
699 1059 782 1110 modo
793 1074 844 1109 nos
854 1060 1024 1126 gesserimus,

225 1129 274 1180 fiet
288 1134 382 1181 tamen
401 1128 487 1195 iliud,
508 1129 582 1194 quod
597 1127 722 1178 futurum
738 1135 790 1180 est.
827 1128 875 1179 Sin
894 1127 1023 1181 autemid

181 1224 185 1228 ·
224 1204 318 1265 potest
329 1195 415 1260 flecti,
430 1198 536 1251 nullum
549 1192 700 1250 est'fatuur.
728 1198 772 1250 Ita
782 1214 817 1250 ne
827 1197 963 1249 divinatio
973 1199 1024 1266 qui

165 1316 173 1324 ,
225 1267 297 1328 dern,
308 1266 437 1334 quoniam
450 1284 484 1320 ea
494 1283 587 1319 rerum
597 1268 755 1319 futurarum
766 1274 818 1320 est.
846 1266 926 1319 Nihil
937 1276 1026 1319 auten

224 1344 267 1389 est
277 1348 327 1405 pro
339 1343 416 1389 certo
434 1337 571 1400 futurum,
593 1338 668 1406 quod
681 1343 776 1405 potest
790 1337 886 1405 aliqua
901 1352 1027 1405 procura·

223 1408 302 1459 tione
312 1407 451 1471 accidere,
465 1424 499 1460 ne
510 1408 570 1461 fiat.

275 1478 323 1530 IX.
338 1479 381 1531 22.
396 1479 486 1547 Atque
497 1493 550 1545 ego
560 1494 595 1532 ne
605 1477 703 1531 utilem
714 1476 825 1546 quidem
836 1478 960 1531 arbitror
970 1492 1029 1531 esse

223 1549 303 1601 nobis
319 1548 475 1600 futurarum
492 1564 584 1600 rerum
603 1550 759 1601 scientiam.
795 1548 873 1611 Quae
889 1550 962 1602 eninr
973 1550 1030 1601 rita

221 1620 322 1671 fuisset
332 1619 453 1685 I’riurno,
464 1620 489 1669 si
501 1621 535 1670 ab
548 1619 739 1670 adolescentia
749 1618 857 1683 scisset,
869 1635 940 1687 quos
952 1636 1029 1671 ereu-

223 1696 267 1741 tus
289 1690 439 1741 senectutis
455 1697 530 1740 esset
545 1688 706 1740 habiturust
727 1689 865 1740 Abeamus
881 1706 899 1741 a
914 1689 1032 1752 fabulis:

223 1760 357 1827 propiora
378 1759 531 1811 videamus.
573 1758 799 1810 Clarissimorum
821 1759 967 1810 homiuum
986 1773 1032 1810 no·

223 1838 299 1881 strae
311 1829 433 1879 civitatis
444 1828 624 1896 gravissimos
636 1828 729 1880 exitus
739 1829 768 1883 in
774 1826 967 1881 Consolatione
978 1827 1033 1880 eoi·

220 1899 351 1965 legimus.
388 1898 461 1958 Quid
483 1899 590 1966 igitur?
618 1898 654 1948 Ut
674 1899 835 1949 omittamus
855 1899 1035 1966 superiores,

154 1979 157 1980 ’
220 1968 355 2021 *Marcone
365 1968 476 2031 Crasso,
492 1965 584 2034 putas,
602 1968 673 2019 utiIe
684 1966 779 2029 fuisse,
790 1974 858 2032 turn,
879 1984 965 2036 quurn
976 1983 1034 2019 ma·

223 2038 308 2088 xirnis
319 2038 417 2104 opibus
426 2037 601 2105 fortunisque
611 2036 741 2097 florebat,
763 2039 844 2101 seire,
863 2040 929 2100 sibi,
949 2037 1033 2092 inter·

187 2103 196 2114 “
223 2106 300 2158 fecto
311 2106 411 2158 Publio
422 2108 490 2169 tilio,
510 2108 688 2175 exercituque
699 2107 802 2170 deleto,
817 2114 898 2160 trans
908 2107 1036 2175 Euphra-

223 2181 363 2228 tem‘curn
382 2177 538 2243 ignominia
557 2186 586 2229 et
607 2177 745 2229 dedecore
763 2193 825 2229 esse
844 2175 1037 2245 pereundum!

148 2291 153 2305 ,
224 2247 265 2299 An
281 2247 329 2297 Cn.
345 2245 505 2311 Pompeium
527 2262 621 2297 censes
641 2249 731 2298 tribus
749 2246 806 2298 suis
823 2245 1041 2307 consulatibus,

223 2316 316 2366 tribus
323 2315 488 2381 triumphis,
506 2318 691 2367 maximarum
701 2332 794 2368 rerurn
811 2317 907 2384 gloria
918 2318 1041 2370 laetato

223 2400 285 2435 rurn
301 2383 404 2445 fuisse,
426 2385 452 2434 si
466 2386 565 2445 sciret,
585 2402 615 2437 se
630 2387 659 2436 in
670 2386 821 2438 solitudine
831 2389 1041 2457 Aegyptiorum

117 2471 125 2488 ·
224 2454 392 2506 trucidatum
409 2451 458 2514 iri,
480 2457 584 2506 amisso
602 2456 740 2507 exercitu:
760 2462 960 2522 postmortem
971 2474 988 2506 r
1039 2457 1040 2466 ’

219 2533 260 2576 ‘ea
271 2530 461 2585 consecutura,
478 2540 549 2592 quae
561 2526 621 2576 sine
632 2525 754 2575 Iaerinns
762 2541 822 2575 non
832 2468 1041 2648 possumus}

225 2594 304 2645 cerei
327 2594 370 2646 23.
382 2592 455 2654 Quid
466 2610 533 2646 vero
545 2594 691 2646 Caesarem
702 2599 832 2660 putamus
838 2596 854 2656 ἓ
870 2596 903 2648 si
916 2597 998 2648 divio

224 2668 268 2713 set
280 2662 350 2725 fore,
364 2669 395 2713 ut
405 2663 435 2713 in
447 2678 480 2714 eo
492 2663 604 2723 Senatu,
622 2678 702 2734 quem
714 2665 821 2716 maiore
833 2680 868 2716 ex
881 2674 969 2733 parte
982 2665 989 2678 ⁸

188 2735 202 2746 ‘⁹
225 2739 392 2797 cooptasset,
403 2732 432 2782 in
440 2733 521 2789 curiit
531 2732 674 2798 Pompeia,
686 2738 751 2785 ante
760 2733 849 2800 ipsius
860 2735 998 2806 Pompeii
