2084 3025
247 200 497 281 Ruseonslo.
517 202 603 255 GAP.
615 201 674 259 1-2.
809 203 861 257 411

59 311 126 364 tium
137 307 302 363 introduxit.
331 307 358 359 2.
377 304 438 373 Ego
451 305 525 359 dabo
537 322 659 373 operam,
675 313 745 361 utet
756 322 806 375 pro
816 322 862 362 me

59 379 171 431 minimo
185 394 244 428 cunr
255 375 376 431 fastidio
385 376 578 442 respondeam,
590 384 619 428 et
629 377 657 426 in
669 376 740 427 hunc
751 378 863 432 minime

58 450 190 504 mentitus
203 463 263 497 esse
273 446 382 513 ridear.
411 443 477 505 Scio
490 460 543 509 nte,
554 446 651 498 Patres
665 448 826 514 conscripti,
835 447 865 499 in

60 517 249 584 respondendo
267 531 321 565 mm
343 513 445 566 habere
468 530 597 583 magnam
618 517 864 583 exspectationem,

59 587 132 653 quod
144 586 249 639 nullum
261 600 312 634 vti!
322 578 421 636 scietis
433 598 534 634 norum
546 587 688 636 enimenin
700 586 864 637 Sallustium

59 656 218 717 audituros,
241 654 290 705 scd
307 653 401 705 omnia
415 661 509 705 vetera
530 656 736 722 recognituros,
778 651 819 705 uis
835 661 864 707 et

60 722 146 785 meae,
158 731 186 775 et
200 724 382 785 vestraeiam,
398 728 427 774 et
438 720 529 790 ipsius
537 740 619 775 aures
631 724 731 775 calent.
787 740 862 775 crum
888 726 891 729 ‘

59 809 94 846 eo
106 796 194 860 magis
211 794 303 853 odisse
315 793 423 845 debetis
437 792 590 855 honrinem,
612 795 659 859 qui
677 809 713 845 ne
728 793 865 860 incipiens

60 863 168 929 quidem
181 878 310 931 peccare,
332 862 453 918 minimis
464 865 546 913 rcbus
559 864 652 931 posuit
662 863 864 916 rudimentum:

59 932 108 983 sed
123 934 164 982 its
180 934 326 997 ingressus
335 938 391 993 est,
413 933 454 982 uti
465 948 552 998 neque
563 933 597 982 ab
608 933 665 982 alio
679 932 753 991 vinci
763 933 864 998 possit,

58 1015 145 1066 neque
152 1003 217 1067 ipse
229 1017 259 1051 se
270 1002 382 1050 cumino
397 1001 507 1069 relique
521 1009 617 1057 aetate
638 1002 801 1068 praeterire.
838 999 864 1053 3.

56 1071 153 1135 ltaque
161 1069 233 1119 -nitnl
245 1070 320 1123 aliud
329 1069 432 1132 studet,
443 1071 504 1132 nisi,
517 1071 558 1121 uti
571 1071 724 1123 lutulentus
736 1086 791 1133 sus,
803 1085 864 1121 cum

57 1140 155 1206 quovis
169 1139 300 1190 volutari.
331 1139 428 1206 Longe
438 1155 504 1191 vere
515 1138 628 1197 fallitur
640 1141 777 1207 opinione.
800 1139 863 1190 Non

56 1208 129 1260 enim
144 1209 317 1274 procacitate
328 1208 442 1274 linguse
455 1210 527 1260 sitae
543 1211 640 1261 sordes
652 1211 794 1261 eluuntur:
815 1208 864 1259 sed

56 1284 101 1329 cst
112 1277 245 1343 quaedam
254 1276 408 1340 ,celunrnim
430 1294 511 1345 quam
525 1280 722 1349 unusquisque
737 1284 862 1328 nostrum

55 1351 178 1406 testante
190 1349 282 1401 auimo
293 1363 343 1399 suo
355 1348 419 1409 fert,
432 1347 466 1399 de
476 1363 519 1410 eo,
531 1349 577 1415 qui
588 1349 689 1401 falsum
702 1349 804 1399 crimen
816 1349 864 1398 bo·

54 1416 101 1466 nis
117 1417 247 1467 obiectat.
284 1417 390 1482 Quodsi
406 1419 465 1471 vitu
477 1419 559 1477 istius
576 1418 735 1469 memoriam
751 1417 862 1467 vicerit:

54 1485 144 1548 illam,
156 1484 252 1538 Patres
263 1484 420 1553 comer-ipti,
436 1503 492 1537 non
504 1503 539 1539 ex
551 1486 686 1551 oratione,
698 1486 748 1543 sed
760 1501 794 1538 ex
805 1501 862 1538 mo-

55 1556 136 1607 ribus
147 1557 205 1606 suis
215 1564 342 1621 spectare
356 1558 473 1608 debetis.
492 1558 549 1607 lam
562 1557 634 1608 ‹lebo
646 1573 768 1623 operam,
779 1571 862 1622 quam

55 1625 178 1676 maxime
193 1634 300 1690 potero,
316 1627 394 1678 brevi
409 1633 441 1676 ut
451 1625 564 1678 faciam.
593 1623 689 1693 Neque
700 1625 768 1677 haec
779 1626 863 1676 aiter·

55 1699 131 1745 cutio
153 1703 250 1745 nostra
269 1695 351 1745 robis
373 1696 481 1745 inutilis
501 1696 564 1756 erit,
584 1695 682 1746 Patres
702 1694 863 1761 conscripti.

54 1762 223 1829 Plerumque
239 1764 311 1814 enim
328 1764 487 1828 respublica
501 1765 618 1830 privatis
630 1765 732 1815 crescit
747 1763 863 1815 inimici·

53 1832 119 1883 tiis:
139 1833 187 1884 ubi
197 1849 278 1884 nemo
290 1833 367 1893 civis,
381 1833 471 1898 qualis
483 1834 521 1883 sit
533 1834 585 1894 vir,
598 1840 691 1900 potest
704 1834 802 1885 latere.
861 1897 867 1902 .

53 1933 58 1937 -
108 1900 142 1951 ll.
161 1904 187 1953 4.
207 1902 328 1954 Priorum
345 1903 446 1969 igitur,
459 1903 594 1968 quonium
611 1904 732 1956 omnium
743 1903 864 1955 maiores

52 1972 84 2023 C.
97 1967 248 2022 Sallustius
260 1971 294 2022 ad
306 1987 388 2028 unum
400 1972 557 2037 exemplum
570 1978 598 2025 et
608 1972 734 2041 regulam
746 1973 864 2038 quaerit,

51 2040 141 2092 velim
154 2039 222 2090 mihi
234 2040 409 2106 respondeat,
426 2042 559 2108 numquid
574 2041 638 2110 [lii],
659 2058 728 2109 quos
744 2041 864 2108 protulit

51 2109 199 2176 Scipiones
215 2117 243 2161 et
260 2110 393 2164 Metellos
408 2111 453 2161 vel
468 2110 588 2174 Fabios,
610 2118 675 2164 anto
694 2113 800 2164 fuerint
815 2115 865 2161 aut

52 2180 197 2245 opinionis
210 2187 258 2231 aut
275 2179 396 2245 glirrim,
419 2194 501 2245 quam
517 2196 566 2231 eos
582 2196 627 2233 res
643 2189 739 2250 gestae
755 2194 823 2229 suae
835 2183 865 2229 et

50 2250 117 2300 vita
132 2250 360 2303 innocentissime
374 2255 439 2300 acta
449 2250 664 2302 commendavit.
693 2248 800 2310 erodsi
811 2247 869 2308 hoc

51 2317 111 2368 fuit
119 2319 179 2369 illis
189 2321 297 2369 initium
311 2318 429 2369 nominis
441 2325 469 2376 et
481 2315 637 2387 dignitatis:
649 2333 699 2370 eur
709 2334 764 2368 non
776 2329 865 2383 aeque

52 2386 90 2438 de
106 2389 188 2439 nobis
205 2389 392 2450 existimetur,
413 2389 491 2439 cuius
510 2394 540 2448 et
560 2404 604 2439 res
625 2385 864 2454 gestae'illustrcs
888 2435 890 2438 ,

52 2456 155 2524 [sunt],
171 2465 200 2509 et
211 2460 267 2509 sita
277 2458 458 2526 integerrime
470 2458 550 2512 aeteri
561 2458 649 2519 Quasi
659 2473 725 2508 uero
737 2463 766 2506 tu
777 2459 818 2506 sis
830 2457 865 2506 oli

49 2526 113 2576 illis
127 2527 201 2589 viris,
222 2527 347 2588 Sallusti,
366 2535 455 2579 ortus.
486 2528 605 2589 Quodsi
616 2543 703 2588 esses,
717 2526 866 2578 rstinrrullos

48 2595 112 2646 iam
130 2602 196 2650 tuae
209 2595 390 2663 turpitudinis
401 2599 518 2666 pigeret.
555 2598 580 2650 5.
600 2598 662 2664 Ego
673 2597 741 2650 meis
753 2593 865 2645 maiori·

49 2666 108 2717 bus
119 2667 224 2718 virtute
236 2683 297 2718 mea
309 2668 448 2733 praelum,
469 2669 524 2730 uti,
544 2668 568 2718 si
579 2668 655 2734 prius
667 2667 727 2717 noti
739 2663 794 2716 non
808 2663 865 2714 fue·

48 2736 153 2802 riusa
162 2751 206 2789 me
218 2737 358 2808 accipiant
367 2735 479 2792 initium
490 2739 642 2792 memoriae
654 2753 731 2810 suue-
753 2737 798 2790 Tu
807 2734 864 2786 tuis
