2084 3025
184 111 237 167 aaa
451 113 514 165 vaa
532 111 718 166 armeus
753 73 760 79 ’
858 147 868 167 .

186 234 210 270 c.
221 204 238 269 5
249 247 266 257 -
274 215 318 269 42
337 213 412 269 Huic
423 217 609 284 disputationi
620 216 732 270 subiicit
743 217 776 268 sle
787 214 996 284 comparatione

185 286 301 351 leonati,
313 289 346 341 tle
360 286 463 339 duobnt
473 287 594 340 honestis
606 298 700 340 atrum
710 285 869 339 honestius„
880 303 908 349 c·
918 284 965 339 43.
976 301 996 338 o.
1040 312 1041 317 =

187 490 245 545 1.1.
258 455 446 559 Quansquam
457 497 500 554 te,
520 492 617 544 Marce
627 492 679 555 flli,
701 507 802 543 annum
815 491 872 542 iam
883 490 994 543 audien·

187 572 246 614 tem
263 563 441 628 Cratippum,
463 561 548 628 idque
565 560 695 625 Manis,
719 561 861 613 abundare
883 561 999 627 oportet
1040 602 1041 623 p

188 633 347 699 praeceptis
358 630 553 701 institutisque
564 629 775 698 philosophiae,
797 635 913 697 propte?
924 646 997 681 sum·

187 717 263 752 mam
276 710 305 755 et
320 701 446 752 doctoris
464 703 705 753 auctoritatenret
715 700 806 761 urbis,
828 710 949 766 quorum
959 700 999 755 al-

190 776 233 822 ter
245 778 274 823 te
284 771 404 822 scientia
415 785 517 838 augere
529 764 883 836 potest‚'a1tere'exemplis,
894 773 999 832 tamen,

189 849 221 891 ut
231 841 292 907 ipse
302 841 338 891 ad
350 855 441 892 meam
452 840 608 891 utilitatem
618 854 728 906 semper
738 855 801 891 cum
813 837 933 890 Graecis
940 837 999 889 La·

189 909 250 961 tina
267 910 411 971 coniunxi,
434 925 522 977 neque
537 909 567 959 id
581 909 611 958 in
629 907 809 976 philosophia
819 907 925 970 solum,
948 907 1000 959 sed

191 980 275 1031 etiam
286 979 316 1028 in
329 978 440 1029 (licendi
446 979 654 1031 exercitatione
665 977 730 1040 feci,
744 978 820 1043 idem
830 978 886 1030 tibi
898 991 999 1034 censeo
1040 982 1041 1017 3

190 1047 359 1108 faciendum,
378 1053 410 1097 ut
422 1062 472 1112 par
483 1049 522 1099 sis
534 1049 562 1099 in
574 1048 718 1114 utriusque
731 1047 867 1099 orationis
880 1045 1000 1106 faculta-
1040 1066 1041 1117 ᾗ

190 1123 230 1168 te.
263 1116 353 1176 Quam
370 1115 482 1181 quidem
498 1117 535 1168 ad
550 1133 610 1170 rem
622 1131 672 1168 nos
684 1123 715 1168 ut
729 1116 857 1168 ridemur
867 1131 1001 1184 magnum

191 1184 338 1236 attulimus
359 1184 549 1237 adiumentum
572 1185 731 1238 hominibus
751 1186 870 1247 nostris,
892 1191 1000 1237 utnon

149 1296 151 1307 .
191 1253 277 1305 modo
290 1252 459 1306 Graecarum
472 1255 631 1309 litterarum
643 1256 737 1319 rudes,
749 1255 799 1309 sed
810 1256 898 1309 etiam
909 1254 1001 1317 docti,
1040 1270 1041 1309 1

193 1322 365 1389 aliquantum
380 1340 410 1376 se
422 1325 600 1383 arbitrentur
621 1325 737 1393 adeptos
754 1331 783 1378 et
799 1324 835 1377 ad
851 1324 1002 1379 dicendum
1040 1324 1041 1373 ἰ

192 1400 222 1446 et
235 1392 271 1442 acl
281 1393 469 1447 iudicandum.
498 1396 525 1446 2.
538 1396 725 1459 Quamobrem
736 1395 827 1447 disces
839 1399 873 1447 ta
887 1393 1003 1461 quidem

192 1463 351 1530 ¹aprincipe
367 1460 448 1515 liuius
471 1465 573 1527 aetatis
592 1464 835 1533 philosophorum,
857 1471 887 1517 et
903 1463 1003 1526 disces,

192 1533 323 1602 quamdiu
335 1534 425 1585 voles:
446 1534 553 1589 tamdiu
565 1541 661 1594 autem
672 1536 745 1588 'velle
755 1534 886 1596 debebis,
907 1532 1003 1601 quoad

191 1609 235 1665 te,
257 1610 390 1669 quantum
399 1604 548 1671 proficias,
568 1619 624 1656 non
639 1604 804 1674 poenitebit.
839 1602 896 1655 Sed
908 1609 1005 1656 tamea

191 1677 291 1730 nostra
302 1671 408 1739 legens,
428 1687 483 1724 non
495 1674 616 1724 multum
626 1690 645 1725 a
657 1672 855 1743 Peripateticis
866 1672 1004 1726 dissidea-

192 1743 241 1802 tia,
255 1744 386 1807 quoniam
399 1743 519 1809 utrique,
542 1749 571 1795 et
581 1742 729 1807 Socratici,
745 1749 774 1795 et
786 1741 931 1795 Platonici
941 1756 1003 1796 essa

191 1810 370 1873 rolumuade
382 1814 463 1863 rebus
477 1812 547 1877 ipsis
558 1817 638 1865 utere
650 1819 700 1865 tuo
710 1812 833 1876 iudicio;
844 1809 918 1870 nihil
929 1812 1006 1874 anias

190 1879 330 1943 impedio;
343 1882 498 1932 orationem
511 1887 605 1933 autem
612 1882 742 1934 Latinam
753 1881 859 1936 efficies
870 1881 1003 1948 proiecto

192 1947 318 2014 legendis
339 1951 443 2007 nostris
464 1951 628 2016 pleniorem.
663 1951 724 2005 Neo
744 1966 811 2004 vero
834 1956 1005 2018 arroganter

193 2014 248 2067 hoc
271 2016 375 2068 dictum
395 2020 550 2072 existimari
565 2019 659 2072 velim.
693 2020 766 2074 Nam
780 2018 1005 2087 philosophandi

192 2086 340 2137 scientiam
353 2089 507 2141 concedens
519 2089 629 2153 multis3
651 2090 727 2157 quod
740 2096 784 2142 est
798 2091 928 2142 oratoris
939 2102 1004 2158 pro·

190 2154 290 2222 prium,
302 2163 376 2223 apte,
389 2158 529 2221 distincte,
550 2166 650 2212 ornate
661 2159 764 2222 dicere,
775 2160 912 2225 quoniam
921 2160 955 2212 in
966 2172 1001 2213 eo

191 2224 287 2275 studio
300 2232 420 2286 aetatem
430 2229 598 2295 consumpsi,
609 2229 638 2282 ai
646 2229 679 2285 id
688 2227 758 2282 mihi
768 2244 893 2291 amunio,
902 2229 1003 2284 videor

190 2290 220 2345 iu
237 2307 299 2346 meo
315 2296 379 2347 iure
394 2297 513 2362 quodam
531 2298 615 2349 modo
628 2295 782 2351 vindicares
813 2294 841 2349 3.
860 2295 1003 2361 Quamob-

190 2369 250 2414 rem
263 2380 430 2430 magnopere
441 2371 470 2417 te
481 2365 592 2429 hortor,
614 2368 653 2418 mi
665 2366 772 2428 Ciaerm
794 2370 899 2420 utnon
909 2366 1003 2426 smum

193 2432 334 2483 orationes
346 2448 430 2495 meas,
441 2434 490 2486 sed
501 2434 551 2486 lios
562 2437 650 2487 etiam
662 2436 696 2487 de
709 2433 890 2503 philosophia
902 2436 1006 2501 libi-oe,

193 2500 241 2566 qui
255 2502 311 2551 iam
328 2502 394 2553 illoc
410 2502 472 2555 fere
483 2512 655 2570 *aequaeuam
676 2503 806 2557 studioso
821 2505 913 2573 legas.
950 2505 1006 2562 vn

141 2626 146 2632 ,
193 2569 266 2618 enim
283 2571 372 2621 nraior
386 2573 415 2621 in
426 2572 485 2624 illis
499 2572 626 2637 dicendi;
647 2574 699 2634 aad
710 2573 767 2626 hoc
781 2590 894 2644 quoque
910 2576 1008 2631 colen·

192 2635 258 2696 dum
273 2646 316 2700 est
331 2641 476 2716 aequabile
496 2647 727 2716 attemperatum
743 2645 881 2700 orationis
903 2660 1008 2716 genas·
