2084 3025
197 111 249 167 ao
408 88 468 164 vnn
486 107 775 163 nrmunmon'u

197 215 433 283 nemqueafferat.
465 216 512 266 dlx
523 231 577 282 quo
587 214 672 269 etiam
683 211 879 281 Pythagoricis
888 212 997 267 interdi·
1029 261 1031 265 .

199 294 273 338 ctum
284 291 407 352 putatur,
422 302 456 337 ne
468 284 534 336 faba
545 289 731 344 vescerentur,
743 283 816 350 quod
828 280 913 334 habet
924 283 1000 336 infla·

126 393 129 396 ⁴
199 357 304 408 tionem
315 369 443 420 magnam
454 355 479 404 is
490 355 578 416 cibus,
590 353 790 419 tranquillitati
800 353 910 416 mentis,
921 369 999 420 quae-

120 452 125 459 «
164 464 167 475 r
199 426 375 485 rentisvera,
388 424 572 479 ‚contrariam
607 421 650 475 oa
670 422 762 482 Quum
773 437 839 489 ergo
851 429 894 472 est
902 438 999 473 somno

199 498 346 545 sevocatus
358 494 464 543 aoinrus
474 508 492 542 a
501 488 682 543 societateset
697 508 715 543 a
728 492 893 558 contagione
906 507 1001 558 corpo·

199 563 253 624 ris,
271 567 331 611 tum
342 562 468 612 meminit
482 561 712 628 praetermittun,
732 561 891 628 praesentia
907 563 1002 622 cernit,

199 632 294 683 futura
308 631 461 697 praevidet.
489 627 565 682 lacet
577 631 649 681 eninr
665 646 766 697 corpus
775 630 953 692 dormientis,
971 637 1003 682 ut

198 700 316 753 mortui:
337 701 414 767 viget
430 705 521 751 autem
534 699 646 751 etvivit
660 701 776 751 animus.
812 699 894 760 Quod
913 700 1002 752 multo

198 762 289 837 inagis
298 769 383 823 faciet
394 776 456 835 post
467 776 596 831 mortem,
611 784 692 834 quum
706 771 816 821 omnino
828 776 948 835 corpore
958 785 1004 821 ex·

201 840 323 891 cesserit.
353 839 449 906 ltaque
460 839 700 904 appropinquante
711 845 800 890 morte
810 838 898 888 multo
909 845 953 890 cst
960 839 1004 904 *di-

198 909 302 974 rlnior,
318 906 391 960 Nam
401 916 429 960 et
438 909 467 958 id
477 909 568 974 ipsum
579 907 683 970 rident,
698 909 745 975 qui
756 915 820 959 sunt
831 908 928 959 morbo
941 912 1005 975 gra·

202 980 229 1030 ri
240 984 268 1031 et
283 978 428 1031 mortifero
444 978 554 1040 affecti,
573 978 677 1028 instare
693 984 826 1041 mortem3
846 978 943 1043 itaque
959 978 1004 1029 his

201 1053 348 1099 occurrunt
363 1048 525 1113 plerumque
539 1048 674 1113 imagines
683 1054 867 1099 mortuorunm
887 1051 1004 1117 apesque

199 1117 245 1169 rel
256 1117 376 1168 maxime
392 1115 469 1166 laudi
484 1116 608 1168 student:
629 1132 732 1184 eosque
747 1117 794 1185 qui
808 1124 905 1179 secus,
920 1133 1004 1184 quam

171 1224 173 1231 ,
200 1184 302 1246 decuit,
323 1185 464 1247 aixerunt,
485 1192 664 1251 peccatorum
678 1201 792 1237 suorum
805 1193 865 1237 turn
881 1187 1004 1255 maxime

199 1254 334 1320 poenitet.
370 1255 413 1306 ot.
431 1255 567 1306 Divinare
577 1262 670 1309 autem
679 1257 838 1318 morientes,
854 1256 1003 1321 etiamillo

200 1322 328 1389 exenrplo
339 1325 484 1375 confirmat
493 1324 670 1387 Posidonius,
687 1340 741 1392 quo
755 1325 845 1388 allent,
863 1324 1004 1377 Rhodium

199 1392 345 1460 queomam
356 1395 519 1445 morientem
532 1410 582 1445 sex
591 1396 720 1462 aequales
731 1395 901 1459 nominasse,
922 1403 951 1448 et
962 1395 1004 1446 di·

160 1472 165 1479 ¹
198 1460 286 1526 aisse,
309 1464 356 1530 qui
366 1464 471 1531 primus
482 1479 591 1526 corula,
611 1465 816 1533 quisecundus,
835 1464 1004 1532 quideinde,

111 1588 121 1601 ἢ
167 1555 169 1559 v
200 1534 247 1602 qui
258 1532 549 1600 deincepsmorituros
561 1542 642 1586 esset.
669 1534 724 1587 Sed
734 1536 823 1587 tribus
838 1536 930 1587 orodis
940 1551 1004 1587 cen·

198 1610 243 1656 set
254 1602 377 1655 Deorum
389 1604 505 1671 appulsu
521 1602 648 1656 homines
662 1603 814 1657 somniare:
834 1622 904 1668 uni),
923 1596 1004 1673 xquod

125 1727 127 1730 ,
198 1672 364 1740 praevideat
374 1675 479 1736 animus
490 1674 608 1741 ipseper
619 1691 692 1737 sese,
706 1676 808 1741 quippe
819 1678 867 1742 qui
876 1676 1004 1742 Deorum

116 1771 118 1778 ι
149 1766 155 1779 r
198 1743 365 1811 cognatione
375 1750 515 1794 teneatur:
538 1744 636 1807 altero,
653 1744 725 1812 quod
735 1746 832 1811 plenus
844 1761 892 1797 aer
902 1746 942 1796 sit
951 1746 1004 1795 im-

106 1875 109 1880 *
196 1812 357 1878 niortaliurn
365 1813 533 1874 animorum,
550 1813 579 1863 in
591 1813 687 1880 quibus
699 1821 840 1880 tamquam
849 1816 1004 1882 insignitae

197 1887 282 1933 notae
292 1881 419 1932 veritatis
430 1888 595 1947 appareant:
614 1884 711 1954 tertio,
730 1884 803 1950 quod
814 1885 868 1951 ipsi
876 1884 928 1935 Dii
937 1900 1004 1936 curn

197 1949 397 2001 dormientibus
409 1951 615 2016 colloquanturz
635 1953 726 2020 idque,
742 1962 773 2005 ut
783 1954 946 2015 modo‘dixi‚
960 1954 1005 2006 fa·

198 2020 278 2071 cilius
290 2019 380 2087 euenit
394 2021 632 2088 appropinquante
642 2030 745 2085 morte,
767 2029 798 2074 ut
807 2024 891 2074 animi
903 2022 1003 2074 futura

198 2094 376 2155 augurentur.
412 2088 455 2142 oa.
475 2091 517 2141 Ex
530 2106 584 2158 quo
596 2097 624 2144 et
635 2091 704 2143 illud
716 2099 760 2145 est
770 2093 880 2157 Caleni,
900 2093 1005 2160 dequo

196 2165 261 2209 ante
273 2157 340 2218 dixi,
356 2164 384 2209 et
393 2158 538 2211 Homerici
548 2161 688 2224 Hectoris,
703 2163 749 2228 qui
759 2164 881 2215 moriens
891 2164 1005 2230 propin·

154 2227 159 2238 ‘
198 2242 279 2295 quam
290 2226 392 2282 Achilli
402 2235 520 2279 nrortcrn
533 2229 686 2282 denuntiat.
705 2232 806 2283 XXXl.
818 2232 916 2300 Neque
926 2234 1004 2285 enim

196 2295 268 2347 illud
278 2296 391 2347 verbum
402 2303 505 2350 tenrere
518 2300 688 2352 consuetudo
699 2302 922 2368 approbavisset,
932 2303 958 2354 si
969 2318 1006 2355 ea

195 2380 241 2417 res
252 2365 328 2417 nulla
338 2372 411 2418 esset
422 2368 548 2419 omnino:

231 2434 462 2505 Praesagibat
478 2436 596 2502 anianus,
604 2438 720 2510 frustra
734 2454 775 2493 me
788 2440 930 2511 r're,qaam
945 2436 1006 2495 esi-

644 2510 794 2561 rinrdomo.

197 2573 295 2642 Sagire
314 2575 386 2641 enirn
405 2573 507 2626 sentire
523 2581 605 2627 acute
618 2583 674 2628 est:
697 2593 731 2630 cx
747 2595 802 2646 quo
818 2596 903 2648 sagae
923 2595 1005 2645 anus,

196 2646 263 2711 quia
273 2644 362 2697 multa
376 2643 447 2696 scire
457 2644 565 2697 volunt:
588 2651 617 2699 et
630 2662 745 2716 sagaces
759 2648 829 2701 dicti
846 2668 930 2705 canes
979 2653 1006 2704 ls
