2084 3025
178 139 215 202 s's
279 157 280 162 Ν
360 147 809 208 usunruasuuonoru,
906 179 912 186 ·

180 253 367 305 numerabiles
378 250 509 305 flammae
517 251 639 304 siderum
649 253 800 305 exsistunt:
814 245 986 320 quempian
1034 263 1036 306 Τ

180 324 307 396 princeps
318 321 370 383 sol,
385 323 478 371 omnia
488 322 643 373 clarissima
653 323 715 375 lucc
726 323 902 384 collustrans,
919 322 987 373 mul-

181 393 218 442 tis
230 394 356 457 partibus
367 391 458 441 nuaior
467 397 551 457 atque
562 392 690 457 amplior,
700 405 782 458 quum
792 398 868 445 terra
879 392 987 444 univer·

183 477 226 511 sa:
247 460 347 511 deinde
358 460 465 526 reliqua
475 461 569 512 sidera
583 460 817 528 magnitudinibus
834 462 987 513 immensis.
1036 461 1037 522 l

183 532 272 596 Atque
290 528 319 579 hi
333 529 406 579 tanti
424 530 631 596 ignestamque
645 530 728 580 multi
740 545 797 581 non
814 530 900 581 ruodo
919 529 987 581 nihil

182 605 283 650 nocent
293 599 377 650 terris
387 598 524 665 rebusque
534 599 727 663 terrestribus,
746 599 796 651 sed
809 600 989 666 imprimunt,
1036 595 1037 600 ’

182 676 223 730 nt,
239 669 264 718 si
274 675 352 719 mota
360 668 425 719 loco
436 668 502 729 siut,
517 667 689 736 conflagrare
697 676 787 721 terras
797 683 911 720 nccesse
922 668 961 720 sit
972 684 990 718 a

183 738 269 789 tantis
284 738 444 800 ardoribus,
465 737 659 790 umderatione
670 745 700 791 et
708 740 911 805 temperatione
927 738 990 788 sub·

184 806 249 860 lata
286 806 427 858 XXXVll.
445 807 488 859 93.
505 808 562 857 llic
577 822 630 875 rgo
646 822 700 858 non
719 808 802 859 mirer
816 823 879 859 esse
895 822 991 875 quem·

183 891 280 943 quam,
299 877 345 943 qui
356 876 411 927 sibi
421 876 598 942 persuadeat,
618 892 738 943 corpora
749 877 885 946 quaedam
896 876 991 927 senine

180 952 265 1014 atque
275 946 417 997 individua
428 946 456 996 η’
466 953 495 998 et
504 947 645 1011 gravitate
657 948 733 1010 ferri,
753 945 941 1013 mundumque
952 946 991 998 cl·

182 1016 229 1066 lici
244 1016 451 1067 ornatissimum
466 1021 495 1067 et
507 1015 724 1081 pulcherrimum
736 1030 770 1068 ex
781 1031 877 1068 eorum
889 1030 991 1082 corpo·

182 1100 243 1136 nrm
261 1086 445 1136 concursione
462 1084 597 1136 fortuital
625 1086 689 1136 lloc
704 1085 752 1152 qui
767 1086 910 1137 existimet
928 1086 992 1137 lieri

183 1154 318 1222 potuisse,
334 1169 389 1204 non
403 1153 542 1221 intelligo,
562 1169 673 1206 curuon
684 1154 758 1206 idem
767 1160 857 1221 putet,
874 1155 898 1205 si
910 1155 991 1205 innn-
1038 1159 1039 1210 ἱ

184 1222 331 1276 mutabiles
341 1224 422 1273 unius
433 1225 573 1290 etriginti
588 1223 695 1275 formae
711 1224 869 1276 litterarum
879 1224 927 1275 rel
943 1240 992 1276 nu·
1038 1235 1039 1282 ξ

122 1323 126 1328 -
185 1308 262 1354 reae,
280 1293 326 1345 rel
337 1292 433 1360 quales
443 1292 525 1356 libet,
542 1293 639 1361 aliquo
650 1294 840 1354 coniiciontun
860 1308 946 1359 posse
956 1308 993 1346 ex

184 1361 227 1413 bis
237 1363 266 1412 in
276 1369 379 1413 terram
389 1364 512 1415 excussis
520 1364 638 1414 annales
647 1364 737 1425 Ennii,
746 1369 779 1414 ut
789 1363 922 1429 deinceps
934 1363 992 1430 legi

184 1433 300 1499 possint,
312 1432 396 1484 ellici:
419 1431 493 1498 quod
504 1433 599 1483 nescio
612 1449 646 1484 an
657 1448 691 1484 nc
702 1433 731 1483 in
742 1447 796 1483 nno
807 1432 920 1499 quidem
931 1448 994 1485 vur-

184 1518 216 1555 su
226 1502 316 1569 possit
325 1509 432 1555 tantum
443 1502 536 1554 valere
548 1502 724 1555 fortunent.
736 1502 786 1553 lsti
796 1508 889 1554 autem
897 1518 994 1571 quern·
1039 1511 1040 1545 3

184 1573 331 1624 admodum
343 1579 512 1634 asseverant,
528 1588 562 1624 ox
574 1573 744 1640 corpusculis
755 1587 810 1623 nnn
820 1572 925 1635 colore,
937 1590 995 1626 noo

184 1644 320 1711 qualitate
330 1643 435 1710 aliqua,
456 1657 538 1709 quam
549 1638 677 1704 ποιότητα
687 1641 788 1693 Graeci
798 1649 915 1704 vocent,
937 1660 996 1696 non

184 1730 265 1767 ausu
276 1713 419 1781 praeditis,
438 1711 487 1763 sed
498 1711 726 1762 concurrentibus
735 1717 840 1763 temera
849 1719 939 1779 enque
949 1729 996 1765 en·

184 1800 230 1846 su,
250 1783 380 1834 mundum
390 1796 451 1833 esse
466 1779 637 1848 perfecturos
654 1780 699 1832 rel
715 1780 932 1833 innumerabiles
945 1797 996 1851 po·

185 1854 239 1905 tius
250 1854 279 1907 in
289 1851 364 1902 omni
373 1855 476 1918 puncto
486 1850 622 1916 temporis
632 1849 704 1901 alios
715 1851 800 1912 nasei,
811 1851 883 1902 alius
894 1851 996 1904 iuteri-

185 1923 231 1976 rel
258 1921 339 1981 Quod
349 1920 374 1971 si
386 1917 517 1969 mondum
531 1919 642 1971 efficere
657 1927 751 1986 potest
766 1934 916 1971 concursus
931 1929 997 1974 aur

185 2007 300 2053 morum,
316 2005 365 2045 cur
374 1988 522 2055 porticum,
533 2004 582 2039 cur
592 1989 736 2055 templum,
749 2002 799 2040 cur
809 1989 933 2052 domum,
945 2007 999 2043 cur

75 2117 81 2131 Ι
162 2102 165 2107 .
185 2061 281 2114 urbem
291 2075 346 2111 non
357 2058 466 2124 potesti
476 2073 549 2125 quae
559 2064 625 2110 mut
633 2060 723 2109 minus
732 2073 852 2125 operosa
861 2064 891 2110 et
902 2060 1000 2113 multo

184 2130 296 2198 quidem
312 2128 450 2181 faciliora.
485 2130 568 2180 Certe
580 2129 626 2179 ita
639 2134 745 2179 temere
757 2127 791 2181 dc
805 2128 910 2180 mundo
926 2130 1001 2182 cllu-

161 2224 164 2229 ·
185 2200 271 2260 siunt,
292 2205 324 2249 ut
339 2197 408 2249 mihi
422 2196 534 2265 quidem
549 2211 698 2263 numquam
713 2196 787 2250 huns
797 2197 1001 2252 admirabilem

86 2314 92 2325 ,
158 2312 160 2315 ψ
186 2269 259 2324 useli
270 2275 406 2330 ornatum,
418 2268 467 2334 qui
477 2268 555 2319 locus
567 2271 610 2319 est
620 2266 771 2332 proximus,
783 2268 950 2333 suspexisse
960 2269 1003 2320 vi·

15 2372 21 2389 .
45 2340 50 2371 ’
119 2378 140 2397 „‚
159 2341 174 2394 “,
186 2338 312 2391 demumr.
348 2335 392 2390 95.
410 2336 556 2389 Praeclare
573 2352 603 2387 er
623 2335 836 2397 ollristoteles‚
850 2335 883 2387 n·
898 2348 1005 2403 essent,

8 2418 23 2433 ²
34 2396 47 2407 ⁹
58 2394 110 2479 ”f
123 2380 156 2483 'f
171 2403 282 2476 lnquit,
292 2408 340 2475 qui
348 2407 396 2463 sul
407 2416 595 2472 terrasemper
603 2350 817 2468 ieiunumst,
835 2405 913 2459 ienis
921 2416 955 2460 et
965 2408 1002 2461 il«

8 2473 22 2535 ’ἕ
37 2518 40 2537 ,
56 2474 77 2507 '³
107 2462 314 2540 ²·'i'lnrtriius
329 2476 483 2539 dornuiliis,
503 2490 572 2540 puae
588 2482 675 2526 essent
694 2482 795 2527 ornatu
809 2474 897 2546 signis
911 2487 1004 2546 utpne

153 2566 157 2577 ·
183 2547 308 2616 picturis,
323 2547 511 2610 instructoque
521 2542 601 2595 relus
612 2542 647 2594 iis
658 2543 787 2607 omnibus,
801 2544 898 2610 quihus
909 2547 1003 2601 ubun-

185 2618 251 2670 dant
268 2617 303 2679 ii,
321 2617 370 2683 qui
386 2614 459 2666 beati
471 2620 622 2680 putantur,
642 2629 691 2665 nec
704 2613 924 2669 samosataeus
941 2612 1002 2669 tcm-

184 2701 265 2751 puam
276 2703 361 2755 supra
370 2693 489 2736 terram.-
508 2680 675 2750 accepissent
684 2683 866 2756 autenm
876 2693 903 2739 et
917 2688 1005 2741 undi-
