2084 3025
111 115 115 122 ¹
153 117 158 129 ⁴
201 163 255 230 no
470 162 527 214 nn
547 156 730 220 orrrcns
779 161 783 170 ·

203 281 266 319 esse
277 267 425 333 potuisset.
462 261 503 317 13.
523 265 581 323 lem
591 279 657 320 rero
670 270 698 316 et
712 278 808 324 emm
818 277 932 336 rerum,
953 261 1009 333 spui

202 336 255 388 bus
266 336 478 397 abundarenus,
491 334 662 402 exportatio,
677 342 706 387 et
716 350 821 397 carum,
832 335 941 402 quibus
952 350 1008 402 ege

204 420 306 467 remus,
319 405 440 457 invectio
451 411 528 456 certe
538 405 616 456 nulla
625 412 709 467 esset,
729 405 784 454 nisi
794 402 838 455 his
849 404 1009 456 muneribus

204 473 329 526 homines
344 474 533 541 fungerentur.
570 474 731 541 Eademque
746 474 859 532 ratione
874 489 930 526 nec
946 474 1009 542 lapi·

205 544 254 597 des
265 560 280 597 e
291 551 368 607 terre
383 544 579 598 exciderentur
590 543 630 595 ed
646 559 726 596 usum
741 550 870 604 nostrum
884 557 1009 601 necessa·

201 628 253 666 ru:
273 629 324 666 nec

240 711 273 722 -·
286 713 318 722 -
329 685 450 758 furum,
465 699 526 748 aes,
541 699 658 746 aarum,
674 684 819 753 argentum
828 682 1009 745 effoderetur,

617 755 729 822 pertitus
741 753 872 815 didimus,

205 825 265 876 sine
275 822 416 876 hominurn
426 822 522 875 labore
533 829 663 882 etmanu.
671 822 813 882 ,lvffesta
823 839 903 885 reru,
915 824 1010 891 quibus

133 945 139 950 ,
206 901 235 947 et
248 894 385 962 frigorum
395 893 437 945 vis
447 893 613 960 pelleretur,
634 900 663 945 et
674 893 797 945 calorum
807 893 963 946 molestiae
973 909 1009 943 se·

205 964 344 1025 darentur,
359 963 433 1015 unde
443 969 492 1014 aut
502 963 584 1020 initio
593 963 689 1031 generi
699 960 818 1018 humano
831 962 897 1015 dari
909 966 1010 1030 potuis·

205 1041 275 1096 sent,
291 1039 340 1085 eut
351 1039 450 1099 postea
459 1032 608 1094 subreniri,
627 1033 654 1084 si
662 1032 751 1083 autm'
761 1035 950 1102 tempestatis,
964 1043 1008 1083 aut
1039 1051 1040 1056 ¹

205 1111 297 1164 terme
307 1109 395 1165 motu,
415 1108 613 1162 out-vetustate
624 1102 802 1165 cecidissent,
822 1103 1008 1158 nisicommu·

206 1172 249 1223 nis
265 1171 324 1223 rite
338 1171 373 1222 ab
389 1171 549 1224 hominibus
563 1169 660 1223 harum
681 1188 777 1231 rerum
792 1171 902 1224 auxilia
917 1179 1007 1239 petere

206 1241 368 1293 didicisseti
397 1238 438 1293 14.
458 1242 536 1295 Adde
548 1242 647 1293 ductus
658 1257 801 1308 aquarum,
821 1241 1007 1294 derivationes

207 1307 363 1375 fluminum,
388 1326 520 1379 agrorum
539 1312 732 1379 irrigationes,
758 1310 846 1364 moles
866 1313 1007 1380 oppositas

207 1381 346 1443 fluctibus,
366 1379 670 1449 portus'meuutactos,
686 1396 756 1449 quae
766 1382 840 1434 unde
851 1384 916 1435 sine
926 1381 1008 1433 honri·

208 1465 272 1502 num
285 1467 371 1520 opera
385 1450 488 1502 habere
504 1450 665 1518 possemust
693 1452 737 1503 Ex
747 1451 848 1519 quibus
859 1452 1008 1521 multisque

208 1522 273 1575 aliis
284 1523 459 1589 perspicuum
470 1530 524 1584 est,
539 1523 587 1589 qui
603 1522 719 1584 fructus,
734 1537 859 1590 quaeque
869 1524 1010 1575 utititatrs

209 1607 245 1647 ex
254 1593 338 1644 rebus
348 1593 399 1654 iis,
419 1601 564 1658 quaesunt
574 1592 726 1654 inanimae,
747 1593 948 1659 percipiantur,
966 1607 1009 1646 ens

146 1722 155 1732 ‘
179 1682 181 1685 ·
209 1678 258 1714 nos
274 1662 351 1713 milo
366 1661 449 1713 modo
460 1662 519 1718 sine
531 1659 672 1714 hominum
684 1663 765 1719 manu
777 1668 860 1728 atque
871 1677 961 1729 opera
970 1678 1009 1714 ra·
1039 1696 1040 1701 =

209 1748 273 1799 pere
287 1731 420 1799 potuisse.
457 1731 512 1792 Qui
528 1729 645 1797 denique
660 1746 694 1782 ex
709 1731 808 1782 bestiis
822 1731 947 1796 fructus,
966 1739 1011 1785 aut

209 1817 279 1870 quae
289 1802 485 1863 commoditas,
506 1801 561 1851 nisi
572 1798 696 1852 honrines
707 1800 884 1865 adiuvarent,
907 1802 1010 1871 percipi

207 1871 321 1938 possct‘t
346 1872 419 1937 Nem
440 1871 533 1937 etqui
551 1871 691 1938 principes
710 1870 868 1922 inveniendi
891 1872 1010 1929 fuerum,

209 1955 291 2007 quem
302 1956 337 1992 ex
347 1956 456 2009 quaque
466 1941 561 1992 bellun
572 1956 651 1990 usum
663 1937 770 1993 ,habere
785 1955 949 2008 possemus,
967 1941 1009 1992 he

163 2036 168 2047 1
211 2009 296 2062 mines
306 2017 382 2065 certe
393 2012 516 2062 fuerunt:
537 2026 587 2064 neo
595 2008 651 2060 hoc
659 2015 788 2076 tempore
798 2010 858 2066 sine
869 2009 1008 2065 hominum

208 2093 295 2144 opera
304 2087 354 2131 aut
364 2095 477 2146 pascere
487 2097 535 2133 eas
547 2086 595 2132 aut
606 2079 721 2134 densare
734 2085 782 2131 aut
792 2081 865 2133 tueri
883 2091 936 2134 sut
947 2092 1008 2134 tem·

207 2149 331 2216 pestivos
342 2148 450 2200 fructus
461 2165 495 2202 ex
506 2148 549 2207 his
562 2165 660 2217 cepere
670 2164 827 2217 possemus:
846 2150 883 2202 ab
896 2153 1010 2204 eisdem·

207 2233 260 2286 que
273 2225 301 2270 et
311 2234 371 2281 eac,
387 2234 457 2286 quae
467 2226 577 2282 nocent,
596 2220 809 2283 interficiuntur,
825 2227 855 2272 ot
866 2237 942 2289 quae
953 2221 1009 2273 usui

208 2293 322 2354 possunt
333 2303 404 2351 esse,
414 2289 568 2355 capiuntur.
597 2285 638 2342 15.
649 2289 725 2354 Quid
737 2292 898 2342 enumerem
912 2292 1010 2345 artium

206 2357 420 2421 multitudinem,
431 2360 492 2412 sine
503 2360 601 2426 quibus
611 2359 670 2411 vita
680 2360 792 2411 omnino
803 2361 882 2413 nulla
893 2377 957 2415 esse
967 2376 1011 2430 po·

172 2478 186 2483 ,,
205 2428 322 2480 tuissett
351 2428 404 2489 Qui
420 2429 493 2480 enim
509 2429 602 2496 aegris
616 2430 826 2492 subveniretur,
848 2437 924 2499 quae
940 2438 1010 2484 esset

183 2558 187 2565 ι
204 2496 355 2550 oblectatio
362 2498 526 2563 solentium,
549 2499 694 2566 quirictus
706 2506 756 2552 aut
766 2499 867 2563 cultus,
889 2502 946 2554 nisi
958 2509 1010 2553 tom

181 2564 184 2570 “
204 2568 307 2619 inultae
324 2567 404 2617 nobis
422 2575 496 2617 artes
509 2567 718 2620 urinistrarenti
746 2569 852 2632 Quibus
871 2572 959 2635 rebus
970 2587 1008 2621 cr·

204 2635 281 2686 cultu
300 2634 442 2687 hominum
463 2636 522 2687 rita
542 2642 653 2688 tentum
671 2638 874 2693 distatarictu
891 2649 921 2695 et
939 2640 1009 2693 cuttu

164 2777 168 2782 ι
203 2702 364 2756 bestiarum.
395 2705 481 2757 Urbes
493 2720 559 2758 roro
570 2708 630 2760 sine
646 2706 787 2761 hominum
798 2718 884 2762 coetu
896 2710 955 2764 non
968 2726 1006 2777 po

1038 1864 1041 1893 t
