2084 3025
183 116 219 167 se
364 113 420 166 na
437 92 804 166 unaunsnsoaun

183 217 322 284 religione
331 214 430 284 dignas
449 216 586 269 iudicaret
608 216 744 283 Epicurus
757 209 824 267 nero
838 226 872 266 ex
888 212 992 266 aramis

183 286 324 338 hominum
339 285 461 336 extraxit
472 286 611 337 radicitus
628 286 805 353 religionem,
826 299 911 351 quum
928 284 994 335 Diis

183 354 387 406 immortalibus
408 361 437 406 et
454 370 535 421 opem
556 362 584 407 et
603 356 723 423 gratim
737 354 858 405 sustulit.
897 353 992 415 Quum
1029 407 1031 428 4

184 425 257 476 enim
269 424 402 490 optimam
413 430 442 475 et
455 426 725 490 praestantissimam
738 430 870 476 naturam,
875 422 936 474 Dei
953 422 1011 474 ab»

184 501 308 556 estesse,
317 500 402 559 negat
414 493 490 544 idem
500 510 562 546 esse
572 495 601 545 in
612 495 673 546 Deo
684 494 813 561 gratiam.
848 492 944 558 Tollit
955 492 995 554 id,

144 580 146 583 ·
185 562 258 631 quod
279 562 397 614 maxime
418 565 562 630 proprium
581 571 624 615 est
639 565 763 630 optimae
783 563 995 628 praestantissi-
1031 595 1032 604 .

184 646 300 699 maeque
319 638 442 683 naturae.
479 632 553 694 Quid
573 634 644 684 enim
664 638 706 684 est
726 632 834 693 melius,
854 638 904 683 out
926 630 995 699 quid

82 753 88 759 ,
184 702 371 770 praestantius
382 701 509 754 bonitate
520 709 551 754 et
560 702 758 754 beneticential
775 701 838 763 Qua
848 716 935 768 quum
947 717 994 752 ca·

184 770 346 823 rereDeum
357 771 450 833 vultis,
464 772 603 823 neminem
612 772 673 823 Deo
685 770 829 823 necDeum
839 786 891 822 nee
903 768 994 821 homi·
1007 811 1011 818 .

185 857 247 893 nem
264 856 373 904 earum3
393 842 528 892 neuunem
540 842 574 892 ab
587 842 734 903 coaptari,
757 839 893 891 neminem
910 839 995 907 diligi
1033 863 1034 906 p

185 911 280 963 vultis.
315 911 359 961 lta
369 911 409 971 lit,
424 916 521 962 utnon
532 910 615 961 modo
627 909 779 970 hominess
788 908 862 970 Diis,
872 908 922 960 sed
935 910 995 976 ipsi
1033 923 1034 936 ¹

184 980 233 1033 Ilii
242 981 315 1031 inter
324 996 355 1031 se
365 979 400 1031 ab
411 980 473 1031 aliis
484 979 534 1031 alii
545 980 730 1048 negligantur.
766 977 865 1029 XLlV.
877 977 993 1039 Quanto

140 1097 143 1105 .
186 1048 274 1101 Stoici
285 1050 399 1112 molius,
414 1050 576 1116 quiarobis
586 1048 842 1116 reprehenduntur?
870 1049 996 1100 censent
1034 1073 1035 1102 l

186 1127 290 1181 autem,
309 1120 446 1185 sapientes
457 1120 628 1186 sapientibus
640 1120 724 1172 etiam
734 1118 838 1187 ignotis
849 1132 911 1170 esse
922 1119 996 1169 ami·

187 1205 244 1242 eos.
280 1188 359 1239 Nibil
373 1195 417 1240 est
434 1189 506 1240 eninr
522 1190 624 1242 virtute
646 1189 801 1241 amabilius.
837 1187 926 1248 Quam
943 1188 996 1255 qui

168 1259 305 1326 „adeptus
315 1259 378 1319 erit,
388 1258 555 1326 ubicumque
567 1259 620 1312 erit
629 1260 764 1327 gentium,
775 1258 880 1310 anobis
892 1256 995 1324 dilige·
1035 1285 1036 1292 .

186 1336 242 1380 tur.
281 1324 340 1379 122.
356 1325 414 1378 Vos
425 1333 516 1381 autem
529 1329 672 1397 quid‘mali
681 1328 763 1391 datis,
773 1343 855 1395 quum
866 1327 894 1378 in
906 1327 996 1380 imbe-

189 1398 307 1449 cillitate
322 1397 556 1463 gratificationem
569 1405 608 1451 et
626 1398 850 1464 benevolentiam
871 1396 1007 1463 ponitisl

187 1468 224 1519 Ut
235 1468 307 1518 enim
319 1468 443 1522 omittam
454 1468 509 1519 vim
521 1476 550 1522 et
562 1474 689 1522 naturam
701 1467 835 1520 Deorum:
855 1481 890 1519 ne
905 1464 996 1519 bomi·
1036 1509 1037 1523 .

187 1554 236 1589 nes
247 1538 357 1604 quidem
369 1539 495 1601 censetis,
505 1540 559 1590 nisi
570 1539 702 1592 imbecilli
714 1545 813 1600 essent,
824 1536 935 1588 futuros
945 1539 995 1590 be·

187 1609 299 1669 aeneos,
311 1613 340 1658 et
349 1607 599 1674 benignosluissel
617 1610 703 1661 Nulla
713 1616 757 1661 est
767 1607 869 1659 caritas
880 1612 994 1659 nanrra-

187 1678 224 1729 lis
239 1678 313 1729 inter
326 1677 431 1728 bonosi
460 1676 561 1731 Carum
577 1681 677 1747 ipsum,
693 1677 807 1730 verbum
820 1683 862 1728 est
873 1677 997 1741 amoris3

188 1763 222 1798 ex
233 1761 287 1812 quo
299 1747 442 1799 amicitiae
453 1762 553 1801 nomen
565 1757 608 1801 est
618 1749 746 1810 ductuum
763 1762 845 1815 quom
856 1745 879 1796 si
890 1744 926 1797 ad
935 1745 995 1796 iru-

189 1824 263 1867 etnm
285 1823 409 1867 nostrum
429 1817 589 1879 referemus,
610 1834 664 1869 non
686 1818 722 1869 ad
741 1817 820 1868 illius
835 1814 994 1878 commoda,

188 1891 268 1952 quem
282 1884 432 1953 diligimus,
447 1901 502 1937 non
512 1888 567 1938 erit
576 1888 634 1938 ista
644 1886 783 1950 amicitia,
797 1885 846 1938 sed
857 1890 995 1936 mereatu·

188 1970 222 2006 ra
232 1954 368 2021 quaedam
378 1957 533 2008 utilitatum
549 1971 668 2008 surarum.
695 1956 781 2010 Prata
792 1961 820 2007 et
829 1967 896 2005 arva
907 1959 936 2023 et
946 1968 994 2019 pe·

188 2024 289 2076 sudum
300 2040 400 2093 greges
411 2026 567 2093 diliguntur
574 2025 631 2077 isto
642 2025 736 2089 modo,
754 2023 827 2093 quod
839 2022 947 2074 fruetus
958 2037 994 2075 ex

189 2092 229 2146 eis
240 2094 393 2160 capiuntur.
415 2095 567 2146 Hominum
579 2097 682 2151 caritas
693 2100 721 2148 et
732 2094 857 2146 amicitia
867 2092 995 2160 gratuita

100 2183 106 2189 ·
188 2168 242 2216 est.
278 2164 390 2226 Quanto
410 2165 497 2232 igitur
515 2164 604 2233 magis
625 2164 765 2218 Deorum!
785 2164 844 2232 qui,
865 2162 943 2214 nulla
962 2177 994 2214 re

189 2238 317 2299 egentes²
335 2240 364 2285 et
375 2235 450 2285 inter
459 2249 489 2285 se
501 2233 622 2302 diligunt
632 2242 661 2287 et
669 2233 824 2287 hominibus
834 2231 993 2285 consulunt.

189 2301 270 2365 Quod
280 2304 307 2352 ni
319 2305 361 2354 ita
371 2305 417 2365 sit,
425 2303 489 2368 quid
495 2319 667 2367 veneramur,
674 2304 739 2371 quid
745 2316 891 2371 precamur
897 2300 994 2353 Densi

189 2386 238 2422 cur
250 2372 337 2422 sacris
349 2373 503 2437 pontifices,
517 2389 566 2424 eur
575 2375 705 2440 auspiciis
715 2388 834 2440 augures
843 2369 996 2438 praesunt!

188 2440 254 2506 quid
271 2447 400 2504 optamus
412 2458 429 2493 a
443 2442 505 2494 Diis
518 2443 741 2495 immortalibusl
763 2441 828 2510 quid
842 2438 995 2492 voremus!

187 2510 224 2560 At
235 2508 319 2560 etiam
331 2509 402 2560 liber
414 2518 456 2563 est
464 2513 577 2579 Epicuri
588 2513 622 2565 de
633 2514 791 2564 sanctitate.
828 2507 888 2562 123.
908 2507 995 2559 Ludi-

157 2634 164 2643 χ
188 2591 251 2627 mur
266 2578 301 2627 ab
317 2576 426 2632 hunnine
442 2596 496 2633 non
509 2590 567 2634 tam
581 2583 687 2646 laceto,
708 2596 789 2650 quam
806 2576 997 2632 adscribendi

188 2645 328 2701 licentiam
344 2646 442 2703 libero.
478 2651 557 2715 Quae
572 2652 645 2705 onim
661 2657 831 2720 potestesse
846 2648 997 2710 sanctitas,
