2084 3025
298 122 386 176 PAR.
404 123 441 176 ll.
479 121 562 176 cnP.
580 121 606 176 3.
824 121 859 178 rb

40 246 77 284 se
85 226 194 280 horum
205 226 332 290 alicuius,
344 228 391 293 qui
401 229 564 280 marmoreis
574 226 665 290 tectis,
677 227 762 280 ebore
772 232 801 280 et
812 242 859 279 au·
917 268 921 283 .

40 315 76 352 ro
95 295 287 363 fulgentibus,
310 299 470 420 quisignin
491 298 540 365 qui
554 297 671 359 tabulis,
692 297 738 364 qui
749 297 859 349 caelato

43 382 122 421 auro
139 372 169 418 et
182 374 312 435 argento,
334 368 381 435 qui
415 366 545 422 orinthiis
562 367 693 434 operibus
710 368 861 432 abundant,

42 454 83 490 an
98 439 130 488 C.
141 437 278 501 Fabricii,
299 440 346 504 qui
357 437 427 489 nihil
439 453 537 490 eorum
547 437 657 499 habuit,
677 435 746 491 nihil
756 436 859 491 habere

43 507 156 570 voluit,
176 508 282 558 similes
293 524 352 560 esse
363 509 479 561 malinii
499 504 546 565 14.
557 509 647 575 litque
659 505 728 560 haec
738 508 859 576 quidem,

44 595 123 649 quae
133 580 214 629 modo
225 577 285 641 luc,
305 580 383 631 otrodo
394 578 460 631 illue
470 578 695 653 transferuntur,
733 577 802 631 acilo
814 578 861 629 ud·

44 647 116 701 duci
125 650 222 711 soleat,
236 657 266 699 ut
276 648 308 701 iu
319 648 397 700 rebus
407 648 483 702 bortis
493 665 549 701 esse
559 657 671 718 negent.-
686 647 706 699 il
719 647 756 698 ud
767 652 861 699 tamen

45 723 131 770 arete
141 723 247 780 tenent,
257 725 440 786 accurateque
451 717 613 780 defendunt,
627 719 794 784 voluptatem
805 732 862 769 eece

45 804 188 845 summum
209 789 313 840 doniam.
350 788 428 849 Quae
451 789 563 854 quidem
577 786 646 837 milri
660 802 716 838 vox
728 789 861 856 pecudum

46 859 165 912 videtur
175 872 239 918 esse,
249 873 301 907 noa
312 854 456 909 doctricem.
483 858 537 918 Tu,
549 871 631 923 quum
643 857 695 907 tibi
706 857 765 908 sire
776 857 861 920 Deus,

49 929 115 981 sive
127 932 226 986 mater,
241 931 272 975 ut
284 925 325 977 ita
336 926 436 988 dicam,
452 942 545 977 rerum
558 925 688 989 omnium,
698 932 806 990 natura,
817 925 862 977 cle·

50 997 129 1051 derit
140 996 272 1058 animum,
291 1011 346 1063 quo
358 994 427 1047 nihil
439 1003 482 1049 est
493 995 681 1063 praestantius
693 1012 781 1063 neque
794 996 862 1047 (liri-
922 1006 927 1013 ’
947 1032 949 1035 ·

48 1071 126 1129 nius,
138 1068 180 1117 sio
191 1068 288 1131 tuipse
300 1066 415 1118 abiicics
426 1073 509 1134 atque
521 1072 691 1133 prosternes,
700 1072 733 1118 ut
743 1066 812 1119 nihil
823 1067 862 1118 in-

5 1168 6 1173 =
49 1143 141 1190 terte
160 1141 242 1205 atque
258 1135 465 1203 quadrupedem
481 1134 603 1205 aliquam
618 1141 700 1203 putes
712 1136 863 1191 interessei

46 1207 249 1275 *Quidquamne
260 1207 362 1257 bouum
375 1214 433 1270 cst,
454 1207 528 1274 quod
539 1222 594 1257 non
605 1222 681 1269 eum,
701 1208 747 1273 qui
758 1207 789 1258 id
800 1223 863 1275 pos·

52 1278 139 1341 sidet,
152 1276 299 1329 meliorem
310 1276 396 1330 faciti
415 1275 456 1329 15.
467 1278 503 1328 Ut
515 1277 588 1328 enim
599 1276 714 1344 quisque
724 1282 767 1328 est
778 1275 863 1328 maxi-

52 1364 100 1403 me
110 1346 179 1399 boni
190 1347 342 1417 particeps,
362 1348 443 1399 itaet
457 1346 611 1398 laudabilis
623 1347 756 1397 maxime:
778 1362 863 1415 aequo

53 1427 96 1471 est
107 1419 194 1471 ullum
205 1414 309 1480 bonore,
321 1418 354 1471 de
365 1434 416 1485 quo
428 1435 482 1471 non
491 1417 524 1479 is,
536 1416 583 1484 qui
593 1415 623 1467 id
632 1416 741 1479 taleae,
754 1415 863 1469 honeste

49 1487 142 1558 possit
151 1486 279 1557 gloriari.
309 1487 382 1553 Quid
393 1494 486 1540 autem
497 1492 540 1540 est
552 1485 650 1537 horum
661 1485 690 1536 in
700 1484 864 1554 voluptate!

53 1557 241 1614 Melioremne
267 1557 353 1632 efficit
378 1566 428 1611 aut
452 1557 667 1610 laudabiliorem
693 1556 802 1608 virumi
828 1572 864 1610 an

55 1625 206 1696 quisquam
222 1628 252 1680 in
266 1628 410 1696 potiundis
428 1628 623 1694 voluptatibus
640 1625 787 1698 gloriando
802 1642 864 1680 sese

54 1704 86 1750 et
97 1697 309 1766 praedicatione
320 1698 418 1750 offerti
435 1698 520 1764 Atqui
532 1698 556 1749 si
566 1697 706 1764 voluptas,
724 1712 794 1764 quae
805 1697 865 1765 plu·
943 1753 953 1764 ,

52 1768 192 1822 rimorum
208 1768 372 1832 patrociniis
388 1766 560 1830 defenditur,
581 1766 611 1817 iu
625 1767 708 1819 rcbus
721 1766 803 1819 bonis
818 1766 865 1819 ha·

53 1837 150 1890 benda
159 1852 214 1888 uon
225 1843 283 1899 est3
305 1852 403 1903 eaque,
421 1852 472 1904 quo
482 1846 523 1889 est
534 1835 631 1901 neuim,
654 1854 684 1889 eo
695 1836 784 1908 magis
794 1855 865 1891 men·

55 1917 112 1960 tem
135 1925 150 1958 e
168 1923 217 1960 sua
234 1905 293 1958 sede
311 1916 339 1959 et
352 1915 429 1960 statu
445 1907 573 1969 demovet,
595 1906 723 1973 profecto
740 1907 809 1959 nihil
823 1915 866 1960 est

55 1976 137 2032 aliud
149 1976 218 2030 bene
230 1976 344 2030 etbeate
350 1976 451 2040 rivere,
462 1977 518 2028 uisi
525 1976 641 2030 honeste
648 1984 757 2031 etreete
763 1978 866 2031 rivere.

62 2170 66 2175 .
304 2113 570 2167 PARADOXON
587 2115 625 2168 ll.

122 2179 183 2233 Ὀτι
194 2178 324 2251 obstipum
334 2181 349 2247 ἦ
361 2182 440 2253 ἀρετὴ
451 2182 518 2250 πρὸς
528 2180 708 2249 εὐδαιμονίαν.

130 2252 369 2320 Ιηᾳιιουίνιαηὶτ,
381 2253 407 2306 ei
414 2251 485 2308 nibil
489 2252 578 2307 deesse
588 2256 626 2307 ad
636 2252 867 2309 ieateoivendum.

114 2321 158 2375 16.
182 2322 243 2374 Nec
256 2339 322 2375 vero
340 2338 392 2390 ego
401 2322 440 2375 M.
451 2323 591 2390 Regulum
610 2338 805 2376 aerumnosum
817 2337 867 2372 nee

56 2393 203 2446 infelicem
216 2408 269 2454 neo
281 2394 412 2445 miserum
428 2407 557 2458 umquam
573 2394 679 2460 putavi.
716 2392 779 2442 Non
793 2391 867 2442 enim

55 2462 226 2531 magnitudo
245 2462 329 2514 enimi
343 2461 402 2515 dius
418 2462 633 2515 excruciabatur
649 2462 790 2522 aPoenis‚
812 2473 868 2509 non

59 2535 202 2601 gravitas,
218 2548 274 2585 non
286 2533 363 2596 fides,
384 2549 441 2595 non
452 2533 619 2594 constantia,
636 2546 692 2583 uon
702 2530 761 2580 ulla
770 2528 868 2589 virtus,

58 2603 117 2656 uon
126 2602 247 2670 denique
258 2604 365 2656 animus
376 2602 451 2670 ipse:
463 2603 520 2669 qui,
532 2608 576 2654 tot
584 2602 720 2652 virtutum
726 2596 868 2665 praesidio

59 2679 198 2745 tantoque
209 2672 352 2741 combam,
363 2688 448 2744 quum
458 2687 560 2744 eorpus
571 2671 632 2729 eius
643 2673 796 2740 caperetur,
807 2664 869 2734 cupi
