2084 3025
170 66 221 122 120
350 42 816 120 nunauuannnonuu‘
900 90 946 116 Δ,
1012 20 1018 35 ’

169 175 294 224 mantem
302 170 437 239 cogitare,
448 170 494 222 vel
502 171 604 237 potius,
615 177 646 221 ut
656 178 750 223 cetera
759 170 857 232 oculis,
865 170 907 222 εἰ)
920 173 993 224 ani·

170 242 216 294 mo
232 240 286 291 huc
301 253 422 292 temere.
458 237 501 293 21.
521 240 576 292 Sed
593 257 676 308 quum
686 241 789 292 mundo
800 242 994 308 negasquitl·

171 325 253 378 quam
269 325 330 361 esse
344 309 456 372 melius,
477 311 543 376 quid
561 311 632 362 dicis
647 311 765 363 meliust
780 309 816 362 vSi
826 308 993 376 puldu-ius,

170 380 322 431 assentior:
341 381 367 430 si
378 381 471 447 aptius
483 380 519 430 ad
529 381 669 432 utilitates
679 388 804 442 nostras,
822 380 852 433 id
869 392 992 447 qnoque

171 449 321 502 assentior:
343 450 386 500 sin
401 454 494 501 autem
508 450 539 500 id
550 448 635 512 dicis,
655 449 724 500 nihil
742 458 803 502 esse
819 449 924 499 mundo
939 465 992 501 sa-

171 518 307 586 pientius:
330 519 408 570 nullo
423 519 505 570 modo
525 514 641 585 prorsus
660 521 814 583 assentior,
831 534 890 569 non
902 519 992 584 quod

111 601 115 609 ·
173 587 284 638 difficile
294 588 339 652 sit,
354 593 474 640 mentem
486 588 520 638 ab
532 587 620 638 oculis
630 603 775 638 sevocare:
796 588 845 639 sed
856 603 909 654 quo
922 596 992 640 ma·

171 657 215 724 gis
227 671 336 719 senoco,
357 673 390 708 eo
401 659 493 707 minus
503 657 540 717 id,
561 657 636 721 quod
646 663 678 706 tu
687 656 744 718 vis,
762 672 875 722 possum
886 665 992 710 mente

175 724 417 792 comprehendere.
454 725 501 776 lx.
520 722 600 776 Nihil
615 732 658 776 est
675 725 777 777 mundo
789 727 886 777 melius
897 727 931 776 in
942 742 993 780 re·

173 810 235 846 rum
246 801 355 847 natura.
384 794 427 846 Ne
437 795 465 844 in
475 794 560 845 terris
571 793 684 861 quidem
694 795 763 847 urbe
773 803 878 847 nostra.
905 796 991 848 Num

173 865 262 933 igitur
277 865 382 915 idcirco
398 865 428 913 in
443 863 511 915 urbe
522 879 583 915 esse
597 864 750 926 rationem,
772 864 990 931 cogitationem,

172 940 293 987 mentem
304 932 403 999 putast
424 939 486 994 aut,
508 934 639 999 quoniam
654 934 774 995 nonsit,
796 934 991 1003 numidois'oo

173 1005 331 1066 existimas,
352 1001 498 1054 formicam
513 1003 733 1068 anteponendam
753 1019 814 1056 esse
834 1003 899 1055 huic
919 1005 992 1070 pul·

172 1072 326 1126 chenimae
335 1073 407 1133 urbi,
418 1071 492 1138 quod
503 1072 531 1122 in
541 1074 610 1124 urhe
620 1089 717 1124 sensus
727 1075 765 1124 sit
775 1075 874 1135 nullus,
881 1075 913 1125 in
923 1075 992 1127 for·

171 1142 308 1194 micanon
319 1140 402 1192 modo
415 1155 525 1204 sensus,
545 1142 594 1209 sed
606 1144 692 1194 etiam
704 1159 795 1205 mens,
817 1139 899 1206 ratio,
921 1159 992 1198 me·

171 1211 280 1264 moriat
300 1210 403 1264 Videre
414 1217 534 1277 oportet,
545 1212 642 1278 Balbe,
661 1212 727 1280 quid
738 1214 792 1264 tibi
801 1213 992 1284 concedatur,

172 1283 377 1347 nonteipsnm,
398 1281 473 1348 quod
484 1282 567 1344 velis,
585 1297 703 1334 sumere.
737 1283 887 1335 22.1stun
905 1286 992 1337 enim

172 1351 265 1403 locum
277 1357 367 1402 totum
378 1350 430 1401 illa
439 1358 520 1403 vetus
529 1352 649 1402 Zenonis
660 1352 762 1416 brevis,
778 1358 814 1415 et,
833 1357 863 1402 ut
871 1352 931 1404 tibi
944 1355 992 1406 vi·

149 1444 154 1453 ·
174 1420 306 1481 debatur,
327 1428 411 1473 acuta
426 1420 568 1473 conclusio
584 1421 723 1474 dilatavit.
758 1423 832 1474 Zeno
848 1422 922 1474 enim
942 1425 993 1476 ita

174 1491 325 1544 concludit.
364 1490 444 1556 Quod
452 1491 561 1545 ratione
572 1491 670 1556 utitor,
688 1492 781 1546 melius
791 1502 840 1555 eat,
851 1508 935 1559 quum
949 1493 994 1560 id,

174 1563 246 1629 quod
253 1562 361 1615 ratione
372 1580 425 1617 noa
436 1562 536 1614 utitur.
572 1560 653 1614 Nilei
662 1572 753 1614 eatam
763 1563 859 1615 mundo
868 1563 995 1617 melius.-

174 1632 281 1685 rata'one
292 1632 381 1702 igitur
389 1633 503 1685 maedus
515 1632 614 1683 utitor.
642 1632 685 1694 23,
702 1634 770 1683 Hoc
775 1632 914 1699 s'i‘placet,
925 1634 994 1686 iam·

175 1701 291 1764 efficies,
310 1708 342 1753 ut
361 1702 479 1752 mundus
500 1703 604 1767 optime
619 1702 720 1753 librum
735 1703 828 1770 legere
840 1701 993 1757 uideatur.

110 1771 112 1774 ’
174 1770 293 1823 Zenonis
311 1771 384 1823 enim
401 1771 528 1837 uestigiis
550 1770 603 1823 hoc
621 1772 705 1823 modo
721 1774 858 1823 rationem
873 1776 997 1839 poteris

175 1838 348 1891 concludere.
387 1839 465 1903 Quod
473 1840 687 1904 litteratumest,
696 1841 726 1893 id
735 1852 776 1895 ost
785 1841 890 1904 melius,
900 1853 995 1909 qum

110 1943 112 1947 -
175 1910 246 1975 quod
260 1924 313 1960 noa
329 1917 369 1959 eat
383 1909 553 1962 litteratam.-
573 1911 644 1964 sitit
657 1921 748 1963 autem
763 1913 861 1976 vacando
872 1912 994 1966 melius:

81 2002 85 2006 <
175 1977 316 2030 litteratas
330 1976 469 2046 igiturest
481 1981 602 2032 anundus.
637 1982 695 2032 Isto
706 1981 885 2033 modoetiam
897 1981 996 2035 diser-⁴

176 2053 235 2108 tus,
256 2053 284 2098 et
295 2046 404 2112 quidem
415 2047 644 2113 mathematicus,
664 2051 796 2114 musicus,
819 2051 896 2102 omni
907 2051 994 2105 deni·

177 2131 230 2182 que
251 2115 378 2166 doctiina
397 2117 538 2180 eruditus,
562 2126 703 2185 postremo
724 2119 908 2188 philosophus
929 2123 995 2175 erit

124 2210 127 2215 Α
176 2184 302 2237 mundus.
339 2184 427 2253 Saepe
439 2187 547 2251 dixisti,
567 2187 637 2239 nihil
648 2190 710 2240 lieri
720 2192 781 2243 sine
790 2189 861 2253 Deo,
879 2206 933 2242 nec
944 2192 992 2244 ul·

176 2254 234 2305 lam
244 2255 301 2305 vim
312 2270 373 2308 esse
382 2263 511 2319 naturae,
533 2265 565 2307 ut
580 2258 624 2309 sui
640 2258 896 2325 dissimilia'posset
908 2257 996 2313 effinss

176 2338 251 2391 gete.
280 2324 435 2378 Concedam
446 2342 499 2375 non
510 2326 594 2377 modo
607 2328 775 2379 animantem
786 2334 816 2379 et
825 2330 992 2394 sapientem

177 2408 237 2445 esse
248 2394 387 2457 mundum,
399 2395 448 2446 sed
459 2395 598 2446 fidicinem
610 2397 696 2447 etiam
708 2402 738 2448 et
746 2397 899 2459 tibicinem,
917 2399 993 2465 quo·

175 2463 250 2514 niam
263 2479 476 2530 eorumquoque
488 2465 592 2515 antium
603 2462 728 2517 homines
743 2480 778 2516 ex
790 2481 823 2517 eo
835 2479 998 2532 proci-eane

175 2537 229 2583 tur.
266 2533 345 2585 Nihil
356 2534 441 2600 igitur
452 2532 534 2583 affert
545 2538 626 2597 pater
635 2535 691 2585 iste
702 2533 872 2597 Stoicorum,
893 2552 993 2604 quare

176 2602 306 2655 mundum
315 2603 427 2656 ratione
437 2602 478 2654 uti
487 2607 625 2670 putemus,
634 2619 669 2659 ne
680 2618 729 2657 cur
740 2605 911 2660 animantem
922 2609 991 2676 qui·
