<?xml version="1.0" encoding="UTF-8"?>
<!DOCTYPE html PUBLIC "-//W3C//DTD XHTML 1.0 Transitional//EN"
    "http://www.w3.org/TR/xhtml1/DTD/xhtml1-transitional.dtd">
<html xmlns="http://www.w3.org/1999/xhtml" xml:lang="en" lang="en">
 <head>
  <title>
</title>
<meta http-equiv="Content-Type" content="text/html;charset=utf-8" />
  <meta name='ocr-system' content='tesseract 3.04.00' />
  <meta name='ocr-capabilities' content='ocr_page ocr_carea ocr_par ocr_line ocrx_word'/>
</head>
<body>
  <div class='ocr_page' id='page_1' title='image "./opera00nobbgoog_0093.png"; bbox 0 0 2084 3025; ppageno 0'>
   <div class='ocr_carea' id='block_1_1' title="bbox 148 37 856 144">
    <p class='ocr_par' dir='ltr' id='par_1_1' title="bbox 148 37 856 144">
     <span class='ocr_line' id='line_1_1' title="bbox 148 37 856 144; baseline 0.013 -10"><span class='ocrx_word' id='word_1_1' title='bbox 148 133 155 144; x_wconf 82' lang='grc'>,</span> <span class='ocrx_word' id='word_1_2' title='bbox 244 37 644 141; x_wconf 63' lang='grc' dir='ltr'><strong>.ιιΒ.ι.ὀΛι&gt;.3ο.3ι.</strong></span> <span class='ocrx_word' id='word_1_3' title='bbox 705 57 709 64; x_wconf 82' lang='grc'><strong>’</strong></span> <span class='ocrx_word' id='word_1_4' title='bbox 820 83 856 143; x_wconf 73' lang='lat' dir='ltr'><strong>es</strong></span> 
     </span>
    </p>
   </div>
   <div class='ocr_carea' id='block_1_2' title="bbox 47 187 863 1437">
    <p class='ocr_par' dir='ltr' id='par_1_2' title="bbox 47 187 863 1437">
     <span class='ocr_line' id='line_1_2' title="bbox 59 187 857 258; baseline 0.005 -19"><span class='ocrx_word' id='word_1_5' title='bbox 59 189 151 255; x_wconf 80' lang='lat' dir='ltr'><strong>quibus</strong></span> <span class='ocrx_word' id='word_1_6' title='bbox 163 202 181 239; x_wconf 83' lang='lat' dir='ltr'><strong>e</strong></span> <span class='ocrx_word' id='word_1_7' title='bbox 190 187 273 239; x_wconf 85' lang='lat' dir='ltr'><strong>nobis</strong></span> <span class='ocrx_word' id='word_1_8' title='bbox 282 189 471 241; x_wconf 80' lang='lat' dir='ltr'><strong>nominantur.</strong></span> <span class='ocrx_word' id='word_1_9' title='bbox 496 189 717 256; x_wconf 68' lang='lat' dir='ltr'><strong>sumpsimus</strong></span> <span class='ocrx_word' id='word_1_10' title='bbox 729 195 797 258; x_wconf 87' lang='lat' dir='ltr'><strong>quot</strong></span> <span class='ocrx_word' id='word_1_11' title='bbox 807 189 857 243; x_wconf 73' lang='lat' dir='ltr'><strong>leo·</strong></span> 
     </span>
     <span class='ocr_line' id='line_1_3' title="bbox 59 258 858 324; baseline 0.008 -17"><span class='ocrx_word' id='word_1_12' title='bbox 59 260 154 312; x_wconf 81' lang='lat' dir='ltr'><strong>minum</strong></span> <span class='ocrx_word' id='word_1_13' title='bbox 165 258 288 324; x_wconf 80' lang='lat' dir='ltr'><strong>liuguae,</strong></span> <span class='ocrx_word' id='word_1_14' title='bbox 308 263 352 308; x_wconf 88' lang='lat' dir='ltr'><strong>tot</strong></span> <span class='ocrx_word' id='word_1_15' title='bbox 362 260 475 309; x_wconf 77' lang='lat' dir='ltr'><strong>nomine</strong></span> <span class='ocrx_word' id='word_1_16' title='bbox 484 258 618 311; x_wconf 84' lang='lat' dir='ltr'><strong>Deorum.</strong></span> <span class='ocrx_word' id='word_1_17' title='bbox 654 259 718 312; x_wconf 88' lang='lat' dir='ltr'><strong>Nou</strong></span> <span class='ocrx_word' id='word_1_18' title='bbox 729 261 812 324; x_wconf 80' lang='lat' dir='ltr'><strong>enim,</strong></span> <span class='ocrx_word' id='word_1_19' title='bbox 827 268 858 314; x_wconf 82' lang='lat' dir='ltr'><strong>oi</strong></span> 
     </span>
     <span class='ocr_line' id='line_1_4' title="bbox 58 327 860 394; baseline 0.005 -16"><span class='ocrx_word' id='word_1_20' title='bbox 58 335 85 378; x_wconf 86' lang='lat' dir='ltr'><strong>tu</strong></span> <span class='ocrx_word' id='word_1_21' title='bbox 97 327 232 387; x_wconf 75' lang='lat' dir='ltr'><strong>Velleius,</strong></span> <span class='ocrx_word' id='word_1_22' title='bbox 254 341 425 394; x_wconf 81' lang='lat' dir='ltr'><strong>quocumque</strong></span> <span class='ocrx_word' id='word_1_23' title='bbox 443 330 565 390; x_wconf 79' lang='lat' dir='ltr'><strong>veneris,</strong></span> <span class='ocrx_word' id='word_1_24' title='bbox 587 329 629 390; x_wconf 84' lang='lat' dir='ltr'><strong>sio</strong></span> <span class='ocrx_word' id='word_1_25' title='bbox 642 329 717 382; x_wconf 86' lang='lat' dir='ltr'><strong>idem</strong></span> <span class='ocrx_word' id='word_1_26' title='bbox 732 329 760 379; x_wconf 88' lang='lat' dir='ltr'><strong>in</strong></span> <span class='ocrx_word' id='word_1_27' title='bbox 776 330 860 382; x_wconf 78' lang='lat' dir='ltr'><strong>ltulie</strong></span> 
     </span>
     <span class='ocr_line' id='line_1_5' title="bbox 60 395 860 465; baseline 0.003 -18"><span class='ocrx_word' id='word_1_28' title='bbox 60 395 204 457; x_wconf 76' lang='lat' dir='ltr'><strong>Vulcanus,</strong></span> <span class='ocrx_word' id='word_1_29' title='bbox 213 395 289 448; x_wconf 79' lang='lat' dir='ltr'><strong>idem</strong></span> <span class='ocrx_word' id='word_1_30' title='bbox 298 396 326 453; x_wconf 84' lang='lat' dir='ltr'><strong>iu</strong></span> <span class='ocrx_word' id='word_1_31' title='bbox 336 395 439 458; x_wconf 64' lang='grc' dir='ltr'><strong>Αἰτίαι,</strong></span> <span class='ocrx_word' id='word_1_32' title='bbox 447 397 520 448; x_wconf 85' lang='lat' dir='ltr'><strong>idem</strong></span> <span class='ocrx_word' id='word_1_33' title='bbox 533 398 561 448; x_wconf 87' lang='lat' dir='ltr'><strong>in</strong></span> <span class='ocrx_word' id='word_1_34' title='bbox 572 395 718 465; x_wconf 78' lang='lat' dir='ltr'><strong>Hispania.</strong></span> <span class='ocrx_word' id='word_1_35' title='bbox 752 398 860 450; x_wconf 84' lang='lat' dir='ltr'><strong>Deinde</strong></span> 
     </span>
     <span class='ocr_line' id='line_1_6' title="bbox 60 463 860 535; baseline 0 -17"><span class='ocrx_word' id='word_1_36' title='bbox 60 467 196 518; x_wconf 78' lang='lat' dir='ltr'><strong>uouunum</strong></span> <span class='ocrx_word' id='word_1_37' title='bbox 207 463 389 533; x_wconf 72' lang='lat' dir='ltr'><strong>nou&#39;mugnus</strong></span> <span class='ocrx_word' id='word_1_38' title='bbox 398 481 538 529; x_wconf 84' lang='lat' dir='ltr'><strong>numerus,</strong></span> <span class='ocrx_word' id='word_1_39' title='bbox 555 481 590 519; x_wconf 87' lang='lat' dir='ltr'><strong>oe</strong></span> <span class='ocrx_word' id='word_1_40' title='bbox 600 469 627 518; x_wconf 87' lang='lat' dir='ltr'><strong>in</strong></span> <span class='ocrx_word' id='word_1_41' title='bbox 641 467 791 534; x_wconf 74' lang='lat' dir='ltr'><strong>pontificiis</strong></span> <span class='ocrx_word' id='word_1_42' title='bbox 802 469 860 535; x_wconf 85' lang='lat' dir='ltr'><strong>qui·</strong></span> 
     </span>
     <span class='ocr_line' id='line_1_7' title="bbox 61 534 860 589; baseline 0.001 -1"><span class='ocrx_word' id='word_1_43' title='bbox 61 535 116 588; x_wconf 77' lang='lat' dir='ltr'><strong>dem</strong></span> <span class='ocrx_word' id='word_1_44' title='bbox 127 534 244 586; x_wconf 84' lang='lat' dir='ltr'><strong>nostris:</strong></span> <span class='ocrx_word' id='word_1_45' title='bbox 257 534 379 586; x_wconf 82' lang='lat' dir='ltr'><strong>Deorum</strong></span> <span class='ocrx_word' id='word_1_46' title='bbox 390 537 712 589; x_wconf 79' lang='lat' dir='ltr'><strong>euteminuumerabilis.</strong></span> <span class='ocrx_word' id='word_1_47' title='bbox 748 539 788 588; x_wconf 76' lang='lat' dir='ltr'><strong>liu</strong></span> <span class='ocrx_word' id='word_1_48' title='bbox 800 538 860 589; x_wconf 84' lang='lat' dir='ltr'><strong>siue</strong></span> 
     </span>
     <span class='ocr_line' id='line_1_8' title="bbox 60 604 860 674; baseline -0.001 -17"><span class='ocrx_word' id='word_1_49' title='bbox 60 605 209 657; x_wconf 84' lang='lat' dir='ltr'><strong>nominibus</strong></span> <span class='ocrx_word' id='word_1_50' title='bbox 219 604 301 654; x_wconf 83' lang='lat' dir='ltr'><strong>suntl</strong></span> <span class='ocrx_word' id='word_1_51' title='bbox 317 604 393 655; x_wconf 83' lang='lat' dir='ltr'><strong>lstud</strong></span> <span class='ocrx_word' id='word_1_52' title='bbox 404 604 514 674; x_wconf 77' lang='lat' dir='ltr'><strong>quidem</strong></span> <span class='ocrx_word' id='word_1_53' title='bbox 525 606 567 656; x_wconf 84' lang='lat' dir='ltr'><strong>itu</strong></span> <span class='ocrx_word' id='word_1_54' title='bbox 576 607 655 658; x_wconf 84' lang='lat' dir='ltr'><strong>vobis</strong></span> <span class='ocrx_word' id='word_1_55' title='bbox 666 606 757 659; x_wconf 81' lang='lat' dir='ltr'><strong>dicere</strong></span> <span class='ocrx_word' id='word_1_56' title='bbox 768 622 860 658; x_wconf 83' lang='lat' dir='ltr'><strong>neces·</strong></span> 
     </span>
     <span class='ocr_line' id='line_1_9' title="bbox 47 671 860 742; baseline 0.001 -17"><span class='ocrx_word' id='word_1_57' title='bbox 47 689 88 725; x_wconf 83' lang='lat' dir='ltr'><strong>-se</strong></span> <span class='ocrx_word' id='word_1_58' title='bbox 98 681 147 725; x_wconf 87' lang='lat' dir='ltr'><strong>est.</strong></span> <span class='ocrx_word' id='word_1_59' title='bbox 167 671 243 736; x_wconf 75' lang='lat' dir='ltr'><strong>Quid</strong></span> <span class='ocrx_word' id='word_1_60' title='bbox 254 674 328 724; x_wconf 78' lang='lat' dir='ltr'><strong>eriim</strong></span> <span class='ocrx_word' id='word_1_61' title='bbox 339 674 452 736; x_wconf 75' lang='lat' dir='ltr'><strong>attinet,</strong></span> <span class='ocrx_word' id='word_1_62' title='bbox 463 690 546 741; x_wconf 89' lang='lat' dir='ltr'><strong>quum</strong></span> <span class='ocrx_word' id='word_1_63' title='bbox 556 691 611 727; x_wconf 80' lang='lat' dir='ltr'><strong>unu</strong></span> <span class='ocrx_word' id='word_1_64' title='bbox 622 676 710 727; x_wconf 77' lang='lat' dir='ltr'><strong>feries</strong></span> <span class='ocrx_word' id='word_1_65' title='bbox 720 676 766 736; x_wconf 87' lang='lat' dir='ltr'><strong>sit,</strong></span> <span class='ocrx_word' id='word_1_66' title='bbox 777 676 860 742; x_wconf 79' lang='lat' dir='ltr'><strong>pluro</strong></span> 
     </span>
     <span class='ocr_line' id='line_1_10' title="bbox 61 742 861 810; baseline 0.001 -15"><span class='ocrx_word' id='word_1_67' title='bbox 61 757 118 796; x_wconf 75' lang='lat' dir='ltr'><strong>esse</strong></span> <span class='ocrx_word' id='word_1_68' title='bbox 130 742 263 794; x_wconf 70' lang='lat' dir='ltr'><strong>nomine!</strong></span> <span class='ocrx_word' id='word_1_69' title='bbox 281 742 371 803; x_wconf 73' lang='lat' dir='ltr'><strong>Quam</strong></span> <span class='ocrx_word' id='word_1_70' title='bbox 391 744 586 807; x_wconf 74' lang='lat' dir='ltr'><strong>belluinum,</strong></span> <span class='ocrx_word' id='word_1_71' title='bbox 607 745 714 810; x_wconf 77' lang='lat' dir='ltr'><strong>Vellei,</strong></span> <span class='ocrx_word' id='word_1_72' title='bbox 734 743 861 796; x_wconf 77' lang='lat' dir='ltr'><strong>confiteri</strong></span> 
     </span>
     <span class='ocr_line' id='line_1_11' title="bbox 63 811 861 882; baseline 0.003 -20"><span class='ocrx_word' id='word_1_73' title='bbox 63 814 158 882; x_wconf 78' lang='lat' dir='ltr'><strong>potius,</strong></span> <span class='ocrx_word' id='word_1_74' title='bbox 167 811 285 875; x_wconf 80' lang='lat' dir='ltr'><strong>nescire,</strong></span> <span class='ocrx_word' id='word_1_75' title='bbox 301 812 375 879; x_wconf 86' lang='lat' dir='ltr'><strong>quod</strong></span> <span class='ocrx_word' id='word_1_76' title='bbox 385 816 515 874; x_wconf 78' lang='lat' dir='ltr'><strong>nescires,</strong></span> <span class='ocrx_word' id='word_1_77' title='bbox 527 830 607 880; x_wconf 83' lang='lat' dir='ltr'><strong>quam</strong></span> <span class='ocrx_word' id='word_1_78' title='bbox 619 815 676 866; x_wconf 86' lang='lat' dir='ltr'><strong>isto</strong></span> <span class='ocrx_word' id='word_1_79' title='bbox 687 813 861 866; x_wconf 80' lang='lat' dir='ltr'><strong>effutientem</strong></span> 
     </span>
     <span class='ocr_line' id='line_1_12' title="bbox 61 883 861 950; baseline -0.001 -17"><span class='ocrx_word' id='word_1_80' title='bbox 61 897 200 943; x_wconf 72' lang='lat' dir='ltr'><strong>nauseare,</strong></span> <span class='ocrx_word' id='word_1_81' title='bbox 212 888 297 948; x_wconf 78' lang='lat' dir='ltr'><strong>etque</strong></span> <span class='ocrx_word' id='word_1_82' title='bbox 307 884 398 948; x_wconf 72' lang='lat' dir='ltr'><strong>ipsum</strong></span> <span class='ocrx_word' id='word_1_83' title='bbox 410 883 478 935; x_wconf 80' lang='lat' dir='ltr'><strong>tibi*</strong></span> <span class='ocrx_word' id='word_1_84' title='bbox 489 884 655 950; x_wconf 80' lang='lat' dir='ltr'><strong>displicerel</strong></span> <span class='ocrx_word' id='word_1_85' title='bbox 667 884 708 934; x_wconf 78' lang='lat' dir='ltr'><strong>An</strong></span> <span class='ocrx_word' id='word_1_86' title='bbox 718 890 749 933; x_wconf 91' lang='lat' dir='ltr'><strong>tu</strong></span> <span class='ocrx_word' id='word_1_87' title='bbox 760 885 813 934; x_wconf 81' lang='lat' dir='ltr'><strong>mei</strong></span> <span class='ocrx_word' id='word_1_88' title='bbox 824 884 861 932; x_wconf 83' lang='lat' dir='ltr'><strong>si·</strong></span> 
     </span>
     <span class='ocr_line' id='line_1_13' title="bbox 59 952 859 1018; baseline -0.001 -15"><span class='ocrx_word' id='word_1_89' title='bbox 59 952 150 1003; x_wconf 80' lang='lat' dir='ltr'><strong>milem</strong></span> <span class='ocrx_word' id='word_1_90' title='bbox 159 958 246 1017; x_wconf 82' lang='lat' dir='ltr'><strong>putus</strong></span> <span class='ocrx_word' id='word_1_91' title='bbox 255 965 325 1014; x_wconf 84' lang='lat' dir='ltr'><strong>esse,</strong></span> <span class='ocrx_word' id='word_1_92' title='bbox 335 960 385 1004; x_wconf 80' lang='lat' dir='ltr'><strong>aut</strong></span> <span class='ocrx_word' id='word_1_93' title='bbox 396 953 439 1004; x_wconf 90' lang='lat' dir='ltr'><strong>tui</strong></span> <span class='ocrx_word' id='word_1_94' title='bbox 448 953 555 1003; x_wconf 83' lang='lat' dir='ltr'><strong>Deum&#39;l</strong></span> <span class='ocrx_word' id='word_1_95' title='bbox 566 952 696 1006; x_wconf 76' lang='lat' dir='ltr'><strong>Profecto</strong></span> <span class='ocrx_word' id='word_1_96' title='bbox 707 969 760 1002; x_wconf 90' lang='lat' dir='ltr'><strong>non</strong></span> <span class='ocrx_word' id='word_1_97' title='bbox 770 960 859 1018; x_wconf 80' lang='lat' dir='ltr'><strong>putus.</strong></span> 
     </span>
     <span class='ocr_line' id='line_1_14' title="bbox 60 1020 860 1087; baseline -0.001 -16"><span class='ocrx_word' id='word_1_98' title='bbox 60 1021 147 1081; x_wconf 72' lang='lat' dir='ltr'><strong>Quill!</strong></span> <span class='ocrx_word' id='word_1_99' title='bbox 168 1035 238 1087; x_wconf 86' lang='lat' dir='ltr'><strong>orgo</strong></span> <span class='ocrx_word' id='word_1_100' title='bbox 253 1021 341 1073; x_wconf 83' lang='lat' dir='ltr'><strong>solem</strong></span> <span class='ocrx_word' id='word_1_101' title='bbox 357 1022 462 1084; x_wconf 77' lang='lat' dir='ltr'><strong>(licam,</strong></span> <span class='ocrx_word' id='word_1_102' title='bbox 483 1028 532 1074; x_wconf 81' lang='lat' dir='ltr'><strong>eut</strong></span> <span class='ocrx_word' id='word_1_103' title='bbox 545 1022 651 1083; x_wconf 84' lang='lat' dir='ltr'><strong>lunam,</strong></span> <span class='ocrx_word' id='word_1_104' title='bbox 672 1029 722 1073; x_wconf 83' lang='lat' dir='ltr'><strong>eut</strong></span> <span class='ocrx_word' id='word_1_105' title='bbox 744 1020 860 1079; x_wconf 78' lang='lat' dir='ltr'><strong>caelum,</strong></span> 
     </span>
     <span class='ocr_line' id='line_1_15' title="bbox 60 1089 861 1157; baseline -0.004 -15"><span class='ocrx_word' id='word_1_106' title='bbox 60 1089 157 1142; x_wconf 60' lang='lat' dir='ltr'><strong>munti</strong></span> <span class='ocrx_word' id='word_1_107' title='bbox 176 1090 254 1157; x_wconf 82' lang='lat' dir='ltr'><strong>Ergo</strong></span> <span class='ocrx_word' id='word_1_108' title='bbox 266 1092 350 1143; x_wconf 85' lang='lat' dir='ltr'><strong>etiam</strong></span> <span class='ocrx_word' id='word_1_109' title='bbox 367 1089 497 1143; x_wconf 70' lang='lat' dir='ltr'><strong>beatium!</strong></span> <span class='ocrx_word' id='word_1_110' title='bbox 517 1091 624 1152; x_wconf 77' lang='lat' dir='ltr'>Quibus</span> <span class='ocrx_word' id='word_1_111' title='bbox 636 1091 771 1143; x_wconf 74' lang='lat' dir='ltr'><strong>fruentem</strong></span> <span class='ocrx_word' id='word_1_112' title='bbox 782 1090 861 1141; x_wconf 77' lang='lat' dir='ltr'><strong>rolu-</strong></span> 
     </span>
     <span class='ocr_line' id='line_1_16' title="bbox 58 1158 861 1230; baseline -0.004 -19"><span class='ocrx_word' id='word_1_113' title='bbox 58 1161 250 1230; x_wconf 42' lang='lat' dir='ltr'><strong>mutibuslxllt</strong></span> <span class='ocrx_word' id='word_1_114' title='bbox 260 1161 431 1228; x_wconf 76' lang='lat' dir='ltr'><strong>sapientemt</strong></span> <span class='ocrx_word' id='word_1_115' title='bbox 444 1160 498 1222; x_wconf 76' lang='lat' dir='ltr'><strong>Qui</strong></span> <span class='ocrx_word' id='word_1_116' title='bbox 507 1168 600 1226; x_wconf 82' lang='lat' dir='ltr'><strong>potest</strong></span> <span class='ocrx_word' id='word_1_117' title='bbox 611 1177 671 1213; x_wconf 78' lang='lat' dir='ltr'><strong>esse</strong></span> <span class='ocrx_word' id='word_1_118' title='bbox 682 1162 710 1211; x_wconf 87' lang='lat' dir='ltr'><strong>in</strong></span> <span class='ocrx_word' id='word_1_119' title='bbox 723 1158 861 1210; x_wconf 81' lang='lat' dir='ltr'><strong>eiusmodi</strong></span> 
     </span>
     <span class='ocr_line' id='line_1_17' title="bbox 57 1230 862 1296; baseline -0.006 -15"><span class='ocrx_word' id='word_1_120' title='bbox 57 1239 156 1281; x_wconf 81' lang='lat' dir='ltr'><strong>trunco</strong></span> <span class='ocrx_word' id='word_1_121' title='bbox 166 1230 321 1296; x_wconf 74' lang='lat' dir='ltr'><strong>sapientiai</strong></span> <span class='ocrx_word' id='word_1_122' title='bbox 331 1232 410 1281; x_wconf 71' lang='lat' dir='ltr'><strong>Hori</strong></span> <span class='ocrx_word' id='word_1_123' title='bbox 418 1237 511 1280; x_wconf 81' lang='lat' dir='ltr'><strong>vestro</strong></span> <span class='ocrx_word' id='word_1_124' title='bbox 522 1237 594 1282; x_wconf 87' lang='lat' dir='ltr'><strong>sunt.</strong></span> <span class='ocrx_word' id='word_1_125' title='bbox 618 1230 660 1282; x_wconf 80' lang='grc'><strong>85.</strong></span> <span class='ocrx_word' id='word_1_126' title='bbox 672 1230 701 1281; x_wconf 89' lang='lat' dir='ltr'><strong>Si</strong></span> <span class='ocrx_word' id='word_1_127' title='bbox 712 1230 801 1296; x_wconf 72' lang='lat' dir='ltr'><strong>igitur</strong></span> <span class='ocrx_word' id='word_1_128' title='bbox 813 1235 862 1277; x_wconf 80' lang='lat' dir='ltr'><strong>uec</strong></span> 
     </span>
     <span class='ocr_line' id='line_1_18' title="bbox 58 1297 862 1367; baseline -0.005 -16"><span class='ocrx_word' id='word_1_129' title='bbox 58 1299 180 1351; x_wconf 81' lang='lat' dir='ltr'><strong>huninno</strong></span> <span class='ocrx_word' id='word_1_130' title='bbox 191 1300 263 1360; x_wconf 83' lang='lat' dir='ltr'><strong>risu,</strong></span> <span class='ocrx_word' id='word_1_131' title='bbox 285 1300 357 1367; x_wconf 84' lang='lat' dir='ltr'><strong>quod</strong></span> <span class='ocrx_word' id='word_1_132' title='bbox 368 1300 464 1362; x_wconf 81' lang='lat' dir='ltr'><strong>doeui3</strong></span> <span class='ocrx_word' id='word_1_133' title='bbox 479 1315 531 1351; x_wconf 84' lang='lat' dir='ltr'><strong>nee</strong></span> <span class='ocrx_word' id='word_1_134' title='bbox 541 1300 597 1351; x_wconf 87' lang='lat' dir='ltr'><strong>alio</strong></span> <span class='ocrx_word' id='word_1_135' title='bbox 609 1301 711 1367; x_wconf 77' lang='lat' dir='ltr'><strong>aliquo,</strong></span> <span class='ocrx_word' id='word_1_136' title='bbox 727 1298 799 1366; x_wconf 88' lang='lat' dir='ltr'><strong>quod</strong></span> <span class='ocrx_word' id='word_1_137' title='bbox 810 1297 862 1348; x_wconf 85' lang='lat' dir='ltr'><strong>tibi</strong></span> 
     </span>
     <span class='ocr_line' id='line_1_19' title="bbox 56 1367 863 1437; baseline -0.006 -16"><span class='ocrx_word' id='word_1_138' title='bbox 56 1383 222 1437; x_wconf 75' lang='lat' dir='ltr'><strong>persuasum</strong></span> <span class='ocrx_word' id='word_1_139' title='bbox 233 1375 288 1420; x_wconf 82' lang='lat' dir='ltr'><strong>est:</strong></span> <span class='ocrx_word' id='word_1_140' title='bbox 299 1370 366 1436; x_wconf 89' lang='lat' dir='ltr'><strong>quid</strong></span> <span class='ocrx_word' id='word_1_141' title='bbox 377 1368 493 1420; x_wconf 76' lang='lat' dir='ltr'><strong>dubites</strong></span> <span class='ocrx_word' id='word_1_142' title='bbox 500 1385 611 1437; x_wconf 79' lang='lat' dir='ltr'><strong>negare,</strong></span> <span class='ocrx_word' id='word_1_143' title='bbox 622 1370 697 1421; x_wconf 85' lang='lat' dir='ltr'><strong>Deos</strong></span> <span class='ocrx_word' id='word_1_144' title='bbox 708 1369 786 1420; x_wconf 63' lang='lat' dir='ltr'><strong>esse?</strong></span> <span class='ocrx_word' id='word_1_145' title='bbox 800 1367 863 1418; x_wconf 80' lang='lat' dir='ltr'><strong>Non</strong></span> 
     </span>
    </p>
   </div>
   <div class='ocr_carea' id='block_1_3' title="bbox 56 1437 960 1506">
    <p class='ocr_par' dir='ltr' id='par_1_3' title="bbox 56 1437 960 1506">
     <span class='ocr_line' id='line_1_20' title="bbox 56 1437 960 1506; baseline -0.007 -16"><span class='ocrx_word' id='word_1_146' title='bbox 56 1439 151 1490; x_wconf 80' lang='lat' dir='ltr'><strong>eudes.</strong></span> <span class='ocrx_word' id='word_1_147' title='bbox 189 1438 337 1505; x_wconf 84' lang='lat' dir='ltr'><strong>Sapienter</strong></span> <span class='ocrx_word' id='word_1_148' title='bbox 348 1439 377 1490; x_wconf 87' lang='lat' dir='ltr'><strong>id</strong></span> <span class='ocrx_word' id='word_1_149' title='bbox 387 1439 508 1506; x_wconf 84' lang='lat' dir='ltr'><strong>quidem.</strong></span> <span class='ocrx_word' id='word_1_150' title='bbox 537 1440 601 1490; x_wconf 77' lang='lat' dir='ltr'><strong>Etsi</strong></span> <span class='ocrx_word' id='word_1_151' title='bbox 612 1437 738 1490; x_wconf 79' lang='lat' dir='ltr'><strong>hocloco</strong></span> <span class='ocrx_word' id='word_1_152' title='bbox 749 1454 802 1488; x_wconf 88' lang='lat' dir='ltr'><strong>nou</strong></span> <span class='ocrx_word' id='word_1_153' title='bbox 815 1451 863 1502; x_wconf 80' lang='lat' dir='ltr'><strong>po·</strong></span> <span class='ocrx_word' id='word_1_154' title='bbox 954 1449 960 1464; x_wconf 90' lang='lat'><strong>·</strong></span> 
     </span>
    </p>
   </div>
   <div class='ocr_carea' id='block_1_4' title="bbox 54 1508 870 2618">
    <p class='ocr_par' dir='ltr' id='par_1_4' title="bbox 54 1508 870 2618">
     <span class='ocr_line' id='line_1_21' title="bbox 57 1508 862 1577; baseline -0.006 -17"><span class='ocrx_word' id='word_1_155' title='bbox 57 1509 155 1577; x_wconf 79' lang='lat' dir='ltr'><strong>pulum</strong></span> <span class='ocrx_word' id='word_1_156' title='bbox 166 1509 344 1571; x_wconf 58' lang='lat' dir='ltr'><strong>metuissem</strong></span> <span class='ocrx_word' id='word_1_157' title='bbox 353 1510 428 1577; x_wconf 84' lang='lat' dir='ltr'><strong>ipsos</strong></span> <span class='ocrx_word' id='word_1_158' title='bbox 440 1508 526 1561; x_wconf 87' lang='lat' dir='ltr'><strong>Deos.</strong></span> <span class='ocrx_word' id='word_1_159' title='bbox 563 1508 636 1560; x_wconf 83' lang='lat' dir='ltr'><strong>Nori</strong></span> <span class='ocrx_word' id='word_1_160' title='bbox 646 1523 699 1575; x_wconf 82' lang='lat' dir='ltr'><strong>ego</strong></span> <span class='ocrx_word' id='word_1_161' title='bbox 710 1508 862 1574; x_wconf 82' lang='lat' dir='ltr'><strong>Epicureos</strong></span> 
     </span>
     <span class='ocr_line' id='line_1_22' title="bbox 57 1575 863 1646; baseline -0.011 -14"><span class='ocrx_word' id='word_1_162' title='bbox 57 1580 152 1632; x_wconf 78' lang='lat' dir='ltr'><strong>omnin</strong></span> <span class='ocrx_word' id='word_1_163' title='bbox 162 1578 259 1646; x_wconf 78' lang='lat' dir='ltr'><strong>sigillo</strong></span> <span class='ocrx_word' id='word_1_164' title='bbox 270 1587 458 1632; x_wconf 83' lang='lat' dir='ltr'><strong>numerantes:</strong></span> <span class='ocrx_word' id='word_1_165' title='bbox 480 1593 646 1645; x_wconf 85' lang='lat' dir='ltr'><strong>quamquam</strong></span> <span class='ocrx_word' id='word_1_166' title='bbox 657 1577 739 1629; x_wconf 72' lang='lat' dir='ltr'><strong>rideo</strong></span> <span class='ocrx_word' id='word_1_167' title='bbox 750 1575 863 1626; x_wconf 83' lang='lat' dir='ltr'><strong>nonnul-</strong></span> 
     </span>
     <span class='ocr_line' id='line_1_23' title="bbox 55 1644 861 1715; baseline -0.009 -14"><span class='ocrx_word' id='word_1_168' title='bbox 55 1648 93 1701; x_wconf 80' lang='lat' dir='ltr'><strong>lis</strong></span> <span class='ocrx_word' id='word_1_169' title='bbox 104 1649 206 1709; x_wconf 74' lang='lat' dir='ltr'><strong>rideri,</strong></span> <span class='ocrx_word' id='word_1_170' title='bbox 218 1649 376 1715; x_wconf 81' lang='lat' dir='ltr'>Epicurum,</span> <span class='ocrx_word' id='word_1_171' title='bbox 386 1666 420 1701; x_wconf 88' lang='lat' dir='ltr'><strong>ne</strong></span> <span class='ocrx_word' id='word_1_172' title='bbox 430 1650 459 1699; x_wconf 90' lang='lat' dir='ltr'><strong>in</strong></span> <span class='ocrx_word' id='word_1_173' title='bbox 466 1647 647 1702; x_wconf 76' lang='lat' dir='ltr'><strong>offensionem</strong></span> <span class='ocrx_word' id='word_1_174' title='bbox 654 1644 861 1697; x_wconf 71' lang='lat' dir='ltr'><strong>Atheniensium</strong></span> 
     </span>
     <span class='ocr_line' id='line_1_24' title="bbox 58 1715 863 1785; baseline -0.01 -15"><span class='ocrx_word' id='word_1_175' title='bbox 58 1717 183 1780; x_wconf 76' lang='lat' dir='ltr'><strong>caderet,</strong></span> <span class='ocrx_word' id='word_1_176' title='bbox 194 1719 286 1769; x_wconf 75' lang='lat' dir='ltr'><strong>verbis</strong></span> <span class='ocrx_word' id='word_1_177' title='bbox 296 1719 442 1785; x_wconf 75' lang='lat' dir='ltr'><strong>reliquisse</strong></span> <span class='ocrx_word' id='word_1_178' title='bbox 453 1717 538 1780; x_wconf 84' lang='lat' dir='ltr'><strong>Deos,</strong></span> <span class='ocrx_word' id='word_1_179' title='bbox 550 1732 581 1768; x_wconf 89' lang='lat' dir='ltr'><strong>re</strong></span> <span class='ocrx_word' id='word_1_180' title='bbox 592 1715 748 1767; x_wconf 86' lang='lat' dir='ltr'><strong>sustulisse.</strong></span> <span class='ocrx_word' id='word_1_181' title='bbox 766 1715 863 1781; x_wconf 81' lang='lat' dir='ltr'><strong>ltaque</strong></span> 
     </span>
     <span class='ocr_line' id='line_1_25' title="bbox 55 1786 863 1855; baseline -0.009 -14"><span class='ocrx_word' id='word_1_182' title='bbox 55 1788 157 1841; x_wconf 77' lang='lat' dir='ltr'><strong>inillis</strong></span> <span class='ocrx_word' id='word_1_183' title='bbox 169 1789 282 1840; x_wconf 79' lang='lat' dir='ltr'><strong>selectis</strong></span> <span class='ocrx_word' id='word_1_184' title='bbox 293 1789 352 1840; x_wconf 87' lang='lat' dir='ltr'><strong>eius</strong></span> <span class='ocrx_word' id='word_1_185' title='bbox 363 1788 548 1855; x_wconf 85' lang='lat' dir='ltr'><strong>brevibusque</strong></span> <span class='ocrx_word' id='word_1_186' title='bbox 560 1786 716 1847; x_wconf 82' lang='lat' dir='ltr'><strong>sententiis,</strong></span> <span class='ocrx_word' id='word_1_187' title='bbox 737 1800 805 1853; x_wconf 86' lang='lat' dir='ltr'><strong>quus</strong></span> <span class='ocrx_word' id='word_1_188' title='bbox 817 1798 863 1849; x_wconf 82' lang='lat' dir='ltr'><strong>op·</strong></span> 
     </span>
     <span class='ocr_line' id='line_1_26' title="bbox 56 1854 863 1927; baseline -0.009 -18"><span class='ocrx_word' id='word_1_189' title='bbox 56 1859 175 1924; x_wconf 77' lang='lat' dir='ltr'><strong>polletis</strong></span> <span class='ocrx_word' id='word_1_190' title='bbox 184 1860 273 1927; x_wconf 73' lang='grc' dir='ltr'><strong><em>κυρίας</em></strong></span> <span class='ocrx_word' id='word_1_191' title='bbox 284 1855 370 1917; x_wconf 64' lang='grc' dir='ltr'><strong>δόξας,</strong></span> <span class='ocrx_word' id='word_1_192' title='bbox 382 1856 459 1919; x_wconf 79' lang='lat' dir='ltr'><strong>haee,</strong></span> <span class='ocrx_word' id='word_1_193' title='bbox 470 1859 616 1924; x_wconf 84' lang='lat' dir='ltr'><strong>utopinor,</strong></span> <span class='ocrx_word' id='word_1_194' title='bbox 626 1854 863 1922; x_wconf 81' lang='lat' dir='ltr'><strong>primesententin</strong></span> 
     </span>
     <span class='ocr_line' id='line_1_27' title="bbox 55 1925 863 1992; baseline -0.007 -13"><span class='ocrx_word' id='word_1_195' title='bbox 55 1936 111 1979; x_wconf 83' lang='lat' dir='ltr'><strong>est:</strong></span> <span class='ocrx_word' id='word_1_196' title='bbox 134 1926 216 1992; x_wconf 77' lang='lat' dir='ltr'><strong>Quod</strong></span> <span class='ocrx_word' id='word_1_197' title='bbox 226 1926 333 1978; x_wconf 77' lang='lat' dir='ltr'><strong>leuium</strong></span> <span class='ocrx_word' id='word_1_198' title='bbox 343 1936 370 1979; x_wconf 79' lang='lat' dir='ltr'><strong>et</strong></span> <span class='ocrx_word' id='word_1_199' title='bbox 378 1928 531 1979; x_wconf 79' lang='lat' dir='ltr'><strong>immortale</strong></span> <span class='ocrx_word' id='word_1_200' title='bbox 541 1937 590 1989; x_wconf 80' lang='lat' dir='ltr'><strong>ert,</strong></span> <span class='ocrx_word' id='word_1_201' title='bbox 611 1927 640 1978; x_wconf 73' lang='lat' dir='ltr'><strong>iu</strong></span> <span class='ocrx_word' id='word_1_202' title='bbox 648 1942 695 1979; x_wconf 87' lang='lat' dir='ltr'><strong>nec</strong></span> <span class='ocrx_word' id='word_1_203' title='bbox 706 1925 796 1988; x_wconf 76' lang='lat' dir='ltr'><strong>habet,</strong></span> <span class='ocrx_word' id='word_1_204' title='bbox 815 1938 863 1975; x_wconf 84' lang='lat' dir='ltr'><strong>nec</strong></span> 
     </span>
     <span class='ocr_line' id='line_1_28' title="bbox 56 1988 863 2065; baseline -0.011 -15"><span class='ocrx_word' id='word_1_205' title='bbox 56 1997 166 2050; x_wconf 71' lang='lat' dir='ltr'><strong>eximet</strong></span> <span class='ocrx_word' id='word_1_206' title='bbox 181 1995 308 2060; x_wconf 69' lang='lat' dir='ltr'><strong>emerem</strong></span> <span class='ocrx_word' id='word_1_207' title='bbox 322 1998 468 2065; x_wconf 78' lang='lat' dir='ltr'><strong>negotium.</strong></span> <span class='ocrx_word' id='word_1_208' title='bbox 496 1988 606 2049; x_wconf 69' lang='lat' dir='ltr'><strong>XXXl.</strong></span> <span class='ocrx_word' id='word_1_209' title='bbox 624 1996 654 2047; x_wconf 86' lang='lat' dir='ltr'><strong>ln</strong></span> <span class='ocrx_word' id='word_1_210' title='bbox 667 1995 719 2049; x_wconf 84' lang='lat' dir='ltr'><strong>hae</strong></span> <span class='ocrx_word' id='word_1_211' title='bbox 729 1995 770 2046; x_wconf 84' lang='lat' dir='ltr'><strong>ita</strong></span> <span class='ocrx_word' id='word_1_212' title='bbox 780 2007 863 2058; x_wconf 80' lang='lat' dir='ltr'><strong>expo-</strong></span> 
     </span>
     <span class='ocr_line' id='line_1_29' title="bbox 55 2064 865 2133; baseline -0.007 -15"><span class='ocrx_word' id='word_1_213' title='bbox 55 2068 111 2119; x_wconf 84' lang='lat' dir='ltr'><strong>situ</strong></span> <span class='ocrx_word' id='word_1_214' title='bbox 122 2066 276 2127; x_wconf 84' lang='lat' dir='ltr'><strong>sententia,</strong></span> <span class='ocrx_word' id='word_1_215' title='bbox 296 2073 360 2116; x_wconf 81' lang='lat' dir='ltr'><strong>sunt</strong></span> <span class='ocrx_word' id='word_1_216' title='bbox 371 2067 416 2133; x_wconf 87' lang='lat' dir='ltr'><strong>qui</strong></span> <span class='ocrx_word' id='word_1_217' title='bbox 425 2066 595 2126; x_wconf 82' lang='lat' dir='ltr'><strong>existiment,</strong></span> <span class='ocrx_word' id='word_1_218' title='bbox 611 2065 683 2133; x_wconf 89' lang='lat' dir='ltr'><strong>quod</strong></span> <span class='ocrx_word' id='word_1_219' title='bbox 693 2065 743 2116; x_wconf 89' lang='lat' dir='ltr'><strong>ille</strong></span> <span class='ocrx_word' id='word_1_220' title='bbox 753 2064 865 2114; x_wconf 78' lang='lat' dir='ltr'><strong>inscitia</strong></span> 
     </span>
     <span class='ocr_line' id='line_1_30' title="bbox 57 2133 864 2204; baseline -0.006 -17"><span class='ocrx_word' id='word_1_221' title='bbox 57 2137 139 2204; x_wconf 70' lang='lat' dir='ltr'><strong>plene</strong></span> <span class='ocrx_word' id='word_1_222' title='bbox 150 2135 285 2204; x_wconf 83' lang='lat' dir='ltr'><strong>loquendi</strong></span> <span class='ocrx_word' id='word_1_223' title='bbox 296 2135 403 2197; x_wconf 80' lang='lat' dir='ltr'><strong>iecerit,</strong></span> <span class='ocrx_word' id='word_1_224' title='bbox 415 2134 516 2187; x_wconf 82' lang='lat' dir='ltr'><strong>fecisse</strong></span> <span class='ocrx_word' id='word_1_225' title='bbox 528 2134 663 2186; x_wconf 88' lang='lat' dir='ltr'><strong>consulto.</strong></span> <span class='ocrx_word' id='word_1_226' title='bbox 700 2133 742 2185; x_wconf 83' lang='lat' dir='ltr'><strong>De</strong></span> <span class='ocrx_word' id='word_1_227' title='bbox 755 2133 864 2184; x_wconf 84' lang='lat' dir='ltr'><strong>hominu</strong></span> 
     </span>
     <span class='ocr_line' id='line_1_31' title="bbox 56 2202 866 2261; baseline -0.007 -4"><span class='ocrx_word' id='word_1_228' title='bbox 56 2207 173 2257; x_wconf 84' lang='lat' dir='ltr'><strong>minime</strong></span> <span class='ocrx_word' id='word_1_229' title='bbox 183 2205 263 2255; x_wconf 71' lang='lat' dir='ltr'><strong>unfro</strong></span> <span class='ocrx_word' id='word_1_230' title='bbox 273 2205 347 2256; x_wconf 85' lang='lat' dir='ltr'><strong>malo</strong></span> <span class='ocrx_word' id='word_1_231' title='bbox 358 2206 528 2256; x_wconf 81' lang='lat' dir='ltr'><strong>existimant.</strong></span> <span class='ocrx_word' id='word_1_232' title='bbox 546 2204 589 2255; x_wconf 77' lang='lat'><strong>86.</strong></span> <span class='ocrx_word' id='word_1_233' title='bbox 599 2202 719 2254; x_wconf 89' lang='lat' dir='ltr'><strong>Dubium</strong></span> <span class='ocrx_word' id='word_1_234' title='bbox 730 2210 773 2253; x_wconf 83' lang='lat' dir='ltr'><strong>est</strong></span> <span class='ocrx_word' id='word_1_235' title='bbox 784 2203 866 2261; x_wconf 80' lang='lat' dir='ltr'><strong>enim,</strong></span> 
     </span>
     <span class='ocr_line' id='line_1_32' title="bbox 56 2273 865 2341; baseline -0.007 -13"><span class='ocrx_word' id='word_1_236' title='bbox 56 2284 151 2328; x_wconf 79' lang='lat' dir='ltr'><strong>utrum</strong></span> <span class='ocrx_word' id='word_1_237' title='bbox 173 2275 251 2326; x_wconf 80' lang='lat' dir='ltr'><strong>dicet</strong></span> <span class='ocrx_word' id='word_1_238' title='bbox 264 2274 372 2341; x_wconf 87' lang='lat' dir='ltr'><strong>aliquid</strong></span> <span class='ocrx_word' id='word_1_239' title='bbox 393 2288 453 2325; x_wconf 85' lang='lat' dir='ltr'><strong>esse</strong></span> <span class='ocrx_word' id='word_1_240' title='bbox 468 2273 798 2333; x_wconf 78' lang='lat' dir='ltr'><strong>beatum&#39;etimmortale,</strong></span> <span class='ocrx_word' id='word_1_241' title='bbox 821 2287 865 2331; x_wconf 83' lang='lat' dir='ltr'><strong>en,</strong></span> 
     </span>
     <span class='ocr_line' id='line_1_33' title="bbox 54 2342 865 2415; baseline -0.012 -16"><span class='ocrx_word' id='word_1_242' title='bbox 54 2345 170 2415; x_wconf 79' lang='lat' dir='ltr'><strong>siquod</strong></span> <span class='ocrx_word' id='word_1_243' title='bbox 180 2345 266 2406; x_wconf 86' lang='lat' dir='ltr'><strong>sit,id</strong></span> <span class='ocrx_word' id='word_1_244' title='bbox 278 2358 340 2395; x_wconf 83' lang='lat' dir='ltr'><strong>esse</strong></span> <span class='ocrx_word' id='word_1_245' title='bbox 352 2343 543 2411; x_wconf 84' lang='lat' dir='ltr'><strong>[immor]tule.</strong></span> <span class='ocrx_word' id='word_1_246' title='bbox 562 2342 623 2392; x_wconf 91' lang='lat' dir='ltr'><strong>Non</strong></span> <span class='ocrx_word' id='word_1_247' title='bbox 631 2342 865 2403; x_wconf 68' lang='lat' dir='ltr'><strong>animadvertunt,</strong></span> 
     </span>
     <span class='ocr_line' id='line_1_34' title="bbox 57 2410 866 2481; baseline -0.014 -13"><span class='ocrx_word' id='word_1_248' title='bbox 57 2416 103 2469; x_wconf 86' lang='lat' dir='ltr'><strong>hic</strong></span> <span class='ocrx_word' id='word_1_249' title='bbox 114 2430 182 2469; x_wconf 87' lang='lat' dir='ltr'><strong>oum</strong></span> <span class='ocrx_word' id='word_1_250' title='bbox 193 2414 324 2481; x_wconf 79' lang='lat' dir='ltr'><strong>ambigue</strong></span> <span class='ocrx_word' id='word_1_251' title='bbox 333 2413 457 2464; x_wconf 81' lang='lat' dir='ltr'><strong>locutum</strong></span> <span class='ocrx_word' id='word_1_252' title='bbox 469 2428 543 2464; x_wconf 87' lang='lat' dir='ltr'><strong>esse:</strong></span> <span class='ocrx_word' id='word_1_253' title='bbox 555 2411 605 2462; x_wconf 82' lang='lat' dir='ltr'><strong>sed</strong></span> <span class='ocrx_word' id='word_1_254' title='bbox 615 2410 866 2467; x_wconf 75' lang='lat' dir='ltr'><strong>multisaliislmis,</strong></span> 
     </span>
     <span class='ocr_line' id='line_1_35' title="bbox 56 2478 868 2556; baseline -0.017 -19"><span class='ocrx_word' id='word_1_255' title='bbox 56 2494 83 2537; x_wconf 76' lang='lat' dir='ltr'><strong>ei</strong></span> <span class='ocrx_word' id='word_1_256' title='bbox 91 2488 180 2539; x_wconf 87' lang='lat' dir='ltr'><strong>illum</strong></span> <span class='ocrx_word' id='word_1_257' title='bbox 192 2492 221 2535; x_wconf 81' lang='lat' dir='ltr'><strong>et</strong></span> <span class='ocrx_word' id='word_1_258' title='bbox 230 2483 426 2536; x_wconf 79' lang='lat' dir='ltr'><strong>Metrodorum</strong></span> <span class='ocrx_word' id='word_1_259' title='bbox 435 2489 494 2534; x_wconf 83' lang='lat' dir='ltr'><strong>tem</strong></span> <span class='ocrx_word' id='word_1_260' title='bbox 507 2487 611 2548; x_wconf 81' lang='lat' dir='ltr'><strong>aperte,</strong></span> <span class='ocrx_word' id='word_1_261' title='bbox 622 2496 703 2548; x_wconf 84' lang='lat' dir='ltr'><strong>quam</strong></span> <span class='ocrx_word' id='word_1_262' title='bbox 714 2478 810 2546; x_wconf 81' lang='lat' dir='ltr'><strong>paullo</strong></span> <span class='ocrx_word' id='word_1_263' title='bbox 823 2493 868 2556; x_wconf 68' lang='lat' dir='ltr'><strong>zun-</strong></span> 
     </span>
     <span class='ocr_line' id='line_1_36' title="bbox 56 2544 870 2618; baseline -0.02 -12"><span class='ocrx_word' id='word_1_264' title='bbox 56 2562 131 2607; x_wconf 83' lang='lat' dir='ltr'><strong>to-te.</strong></span> <span class='ocrx_word' id='word_1_265' title='bbox 160 2554 214 2606; x_wconf 84' lang='lat' dir='ltr'><strong>llle</strong></span> <span class='ocrx_word' id='word_1_266' title='bbox 225 2566 292 2605; x_wconf 79' lang='lat' dir='ltr'><strong>uero</strong></span> <span class='ocrx_word' id='word_1_267' title='bbox 303 2554 380 2604; x_wconf 84' lang='lat' dir='ltr'><strong>Deos</strong></span> <span class='ocrx_word' id='word_1_268' title='bbox 390 2566 452 2604; x_wconf 85' lang='lat' dir='ltr'><strong>esse</strong></span> <span class='ocrx_word' id='word_1_269' title='bbox 463 2557 556 2618; x_wconf 80' lang='lat' dir='ltr'><strong>putot:</strong></span> <span class='ocrx_word' id='word_1_270' title='bbox 568 2567 620 2603; x_wconf 86' lang='lat' dir='ltr'><strong>nec</strong></span> <span class='ocrx_word' id='word_1_271' title='bbox 631 2560 795 2616; x_wconf 83' lang='lat' dir='ltr'><strong>quemquam</strong></span> <span class='ocrx_word' id='word_1_272' title='bbox 806 2544 870 2600; x_wconf 79' lang='lat' dir='ltr'><strong>lidi,</strong></span> 
     </span>
    </p>
   </div>
   <div class='ocr_carea' id='block_1_5' title="bbox 56 2615 871 2748">
    <p class='ocr_par' dir='ltr' id='par_1_5' title="bbox 56 2615 871 2748">
     <span class='ocr_line' id='line_1_37' title="bbox 56 2615 871 2746; baseline -0.023 -65"><span class='ocrx_word' id='word_1_273' title='bbox 56 2626 112 2746; x_wconf 70' lang='lat' dir='ltr'><strong>quic</strong></span> <span class='ocrx_word' id='word_1_274' title='bbox 124 2625 221 2745; x_wconf 57' lang='lat' dir='ltr'><strong>magis</strong></span> <span class='ocrx_word' id='word_1_275' title='bbox 231 2638 284 2744; x_wconf 48' lang='lat' dir='ltr'><strong>lei?</strong></span> <span class='ocrx_word' id='word_1_276' title='bbox 306 2628 378 2690; x_wconf 81' lang='lat' dir='ltr'><strong>quse</strong></span> <span class='ocrx_word' id='word_1_277' title='bbox 393 2621 518 2674; x_wconf 56' lang='lat' dir='ltr'><strong>&amp;menda</strong></span> <span class='ocrx_word' id='word_1_278' title='bbox 532 2632 595 2672; x_wconf 83' lang='lat' dir='ltr'><strong>esse</strong></span> <span class='ocrx_word' id='word_1_279' title='bbox 609 2623 735 2735; x_wconf 57' lang='lat' dir='ltr'><strong>negaret,</strong></span> <span class='ocrx_word' id='word_1_280' title='bbox 750 2615 871 2663; x_wconf 76' lang='lat' dir='ltr'><strong>tirnerel.</strong></span> 
     </span>
     <span class='ocr_line' id='line_1_38' title="bbox 115 2711 280 2748; baseline -0.018 -1"><span class='ocrx_word' id='word_1_281' title='bbox 115 2711 154 2748; x_wconf 86' lang='lat' dir='ltr'><strong>rc.</strong></span> <span class='ocrx_word' id='word_1_282' title='bbox 196 2711 219 2746; x_wconf 81' lang='lat' dir='ltr'><strong>r.</strong></span> <span class='ocrx_word' id='word_1_283' title='bbox 272 2730 280 2744; x_wconf 90' lang='lat'><strong>.</strong></span> 
     </span>
    </p>
   </div>
   <div class='ocr_carea' id='block_1_6' title="bbox 0 0 1046 3025">
    <p class='ocr_par' dir='ltr' id='par_1_6' title="bbox 0 0 1046 3025">
     <span class='ocr_line' id='line_1_39' title="bbox 0 0 1046 3025; baseline 0 0"><span class='ocrx_word' id='word_1_284' title='bbox 0 0 1046 3025; x_wconf 95' lang='lat' dir='ltr'><strong> </strong></span> 
     </span>
    </p>
   </div>
  </div>
 </body>
</html>
