2084 3025
197 112 233 166 62
381 109 437 168 DE
456 108 631 163 NATURA
648 109 845 174 DEORUM„

198 215 324 283 corperis
335 214 439 278 nostri,
461 230 532 282 quae
544 230 599 266 non
609 214 646 266 sit
655 214 778 278 minoris,
793 230 874 283 quam
885 222 1012 269 nosmet·

197 287 254 353 ipsi
270 287 378 337 sumus:
399 284 588 337 siemundum
603 285 761 337 universum
782 285 870 352 pluris
886 302 947 337 esse
961 303 1013 340 ne·

200 372 277 408 cesse
289 361 345 419 est,
367 369 448 421 quarn
466 361 575 420 partem
590 355 712 422 aliquam
722 355 851 410 universi.
888 355 1014 417 Quodsi

199 426 243 480 ita
255 432 307 487 est,
331 425 442 490 sapiens
453 426 492 476 sit
502 424 621 478 mundus
631 441 745 478 necesse
755 432 807 477 est.
843 424 913 476 Nam
925 425 955 480 ui
967 426 1016 477 ita

113 523 116 527 >
200 502 284 557 esset,
304 494 454 556 hominem,
475 496 577 561 quiest
587 495 682 546 mundi
694 510 767 561 pars,
783 495 912 563 quoniam
924 496 1015 547 ratio·

199 566 243 617 nis
254 571 297 617 est
307 564 461 632 particeps,
480 565 569 631 pluris
580 580 641 618 esse
652 580 734 632 quam
745 565 876 617 mundum
890 580 1015 628 omnem,

190 675 199 685 c
238 641 352 687 ortcret.
413 667 415 672 s
630 669 635 675 ·

199 650 236 702 up
254 704 296 757 33.
313 706 404 772 Atque
420 704 504 757 etiam
521 704 547 756 si
563 720 580 755 a
590 704 687 771 primis
698 702 891 771 inchoatisque
902 704 1017 755 naturis

200 774 238 827 ad
249 775 364 825 ultimas
376 775 570 844 perfectasque
579 776 706 826 volumus
715 775 878 841 procedere,
890 773 927 825 ad
938 773 1016 826 Deo·

200 861 261 898 rum
272 848 400 896 naturam
411 845 605 910 perveniamus
620 860 733 898 neccsse
744 852 794 897 est.
831 843 925 895 Primo
938 843 1016 896 enirn

201 915 457 977 animadvertimus,
469 931 486 966 a
496 921 599 967 natura
609 915 741 967 sustineri
752 931 795 977 ea,
816 928 886 981 quae
896 914 1017 982 gignan-

201 992 248 1037 tur
259 1003 274 1038 e
285 993 370 1047 terro,
380 985 479 1052 quibus
489 991 592 1036 natura
601 983 670 1036 nihii
679 985 778 1037 tribuit
787 984 917 1051 amplius,
927 999 1018 1051 quaer

201 1061 234 1107 nt
246 1072 280 1109 ca
290 1055 390 1116 alendo
402 1053 486 1121 utque
496 1055 624 1122 augendo
634 1061 768 1107 tueretur.
790 1054 833 1108 34.
846 1055 956 1107 Bestiis
968 1069 1019 1106 au·

201 1132 260 1178 tem
271 1131 299 1177 et
310 1140 420 1176 sensum
431 1129 460 1176 et
469 1131 578 1185 mutum
589 1125 675 1188 dedit,
686 1132 715 1177 et
725 1140 786 1177 cum
796 1125 917 1191 quodam
928 1139 1019 1193 appe·

201 1197 257 1247 titu
269 1210 409 1246 accessum
421 1194 456 1246 ad
467 1210 512 1247 res
523 1196 670 1259 salutares,
680 1211 698 1246 a
707 1195 846 1262 pestiferis
857 1209 1019 1247 recessum:

202 1264 308 1317 homini
329 1263 383 1318 hoc
402 1265 534 1331 emptius,
558 1264 632 1332 quud
653 1265 763 1317 addidit
782 1266 937 1329 rationem,
960 1281 1020 1333 qua

202 1342 367 1401 regerentur
393 1334 481 1386 animi
507 1336 661 1402 appetitus,
691 1335 815 1402 quitum
836 1336 1021 1392 remitteren-

203 1412 263 1467 tur,
283 1411 342 1458 turn
359 1405 580 1458 continerentur.
611 1404 685 1457 Xlll.
704 1404 826 1466 Quartus
842 1410 938 1457 auteur
951 1420 1021 1473 gra-

204 1474 255 1528 dus
267 1482 295 1528 et
305 1475 458 1528 altissimus
470 1481 513 1527 est
525 1490 633 1538 eorum,
654 1475 702 1543 qui
718 1475 1021 1543 naturabu‘uisapicu·

203 1554 301 1613 tesque
312 1547 473 1615 gignuntur:
487 1546 587 1611 quibus
598 1561 614 1596 a
624 1546 760 1612 principio
771 1546 927 1599 innascitur
936 1548 1020 1601 ratio

201 1625 280 1670 recta
291 1623 484 1682 constansque,
497 1630 568 1682 quac
578 1629 664 1681 supra
674 1614 811 1667 huminem
821 1615 951 1683 putanda
962 1626 1021 1683 est,

201 1686 319 1754 Deuque
328 1684 485 1747 tribuenda,
495 1684 526 1735 id
537 1690 589 1748 est,
600 1685 716 1736 mundo:
736 1686 764 1736 in
778 1701 830 1752 quo
841 1701 960 1740 necesse
973 1697 1021 1742 est

201 1757 354 1823 perfectam
374 1755 453 1805 illam
477 1760 560 1821 atque
582 1754 738 1806 absolutam
754 1756 844 1808 inesse
860 1756 1020 1813 rationem.

201 1825 246 1880 35.
251 1827 347 1893 Neque
358 1825 430 1876 enim
443 1823 498 1874 dici
507 1830 610 1891 potest,
621 1824 649 1875 in
659 1822 718 1876 ulla
727 1841 819 1877 rerum
830 1826 1021 1882 institutione

202 1912 257 1950 non
281 1911 342 1946 csse
364 1893 470 1959 aliquid
492 1901 646 1946 extremum
667 1902 750 1962 atque
771 1894 936 1963 perfectum.
979 1899 1021 1952 Ut

202 1965 275 2019 euim
287 1966 316 2015 in
325 1964 396 2025 vite,
415 1970 447 2014 ut
459 1962 485 2012 in
496 1963 602 2029 pecude
612 1966 682 2027 (nisi
693 1971 764 2032 quae
776 1965 817 2017 vis
829 1965 965 2031 obstitit)
978 1969 1021 2021 ri·

202 2036 307 2096 demus,
318 2040 445 2084 naturam
457 2048 506 2083 suo
518 2034 637 2100 quodam
648 2035 749 2086 itinere
760 2036 795 2087 cd
806 2035 937 2087 ultimum
952 2052 1021 2105 per·

184 2099 310 2173 ’ψῆνες
333 2109 416 2168 atque
431 2108 463 2153 ut
477 2103 588 2170 pictura
603 2110 631 2156 et
640 2105 747 2157 fabrica
757 2111 922 2172 ceteraeque
933 2116 1021 2167 artes

202 2174 306 2226 habent
325 2169 469 2240 quemdam
489 2174 611 2227 absoluti
634 2176 724 2241 operis
743 2174 887 2228 effectum:
920 2177 968 2230 sic
990 2179 1021 2231 in

202 2243 277 2296 mini
289 2250 402 2304 natura,
423 2259 456 2294 ac
467 2243 556 2294 multo
566 2244 648 2294 etiam
661 2245 765 2313 magis,
784 2258 896 2297 necesse
908 2254 957 2300 est
968 2249 1021 2302 ab·

152 2316 153 2319 ’
202 2313 274 2365 solvi
284 2312 388 2379 aliquid
400 2328 433 2363 ae
443 2312 546 2378 pertici.
566 2312 677 2364 Etenim
689 2316 789 2368 ceteris
799 2315 909 2366 naturis
916 2319 1022 2373 vinulta

147 2380 150 2385 '
201 2390 325 2446 externa,
347 2398 401 2450 quo
413 2384 503 2433 minus
515 2382 711 2447 perficiantur,
726 2392 844 2451 possunt
855 2385 1019 2443 obsistere:

177 2468 179 2472 ’
199 2455 357 2505 universam
369 2459 461 2503 autem
475 2458 602 2502 naturum
618 2453 695 2504 nulla
704 2468 750 2506 res
760 2460 852 2521 potest
861 2455 1021 2524 impedire,

200 2531 348 2592 prepterea
364 2518 438 2587 quod
452 2535 548 2570 omncs
558 2525 671 2575 naturas
685 2524 748 2589 ipsa
758 2523 912 2579 cohibetet
922 2532 1022 2582 couti-

200 2600 256 2645 uet.
295 2591 433 2655 Quocirca
454 2590 630 2642 neccsse‘est
651 2607 714 2645 esse
734 2600 863 2660 quartum
879 2594 967 2649 illum
992 2608 1022 2655 et

201 2664 366 2716 citissimum
382 2658 511 2725 gradum,
532 2673 586 2725 quo
602 2661 679 2713 nulla
698 2662 741 2714 vis
759 2661 850 2730 possit
864 2665 1022 2724 accedere.
