<?xml version="1.0" encoding="UTF-8"?>
<!DOCTYPE html PUBLIC "-//W3C//DTD XHTML 1.0 Transitional//EN"
    "http://www.w3.org/TR/xhtml1/DTD/xhtml1-transitional.dtd">
<html xmlns="http://www.w3.org/1999/xhtml" xml:lang="en" lang="en">
 <head>
  <title>
</title>
<meta http-equiv="Content-Type" content="text/html;charset=utf-8" />
  <meta name='ocr-system' content='tesseract 3.04.00' />
  <meta name='ocr-capabilities' content='ocr_page ocr_carea ocr_par ocr_line ocrx_word'/>
</head>
<body>
  <div class='ocr_page' id='page_1' title='image "./opera00nobbgoog/opera00nobbgoog_1152.png"; bbox 0 0 2084 3025; ppageno 0'>
   <div class='ocr_carea' id='block_1_1' title="bbox 157 130 757 193">
    <p class='ocr_par' dir='ltr' id='par_1_1' title="bbox 157 130 757 193">
     <span class='ocr_line' id='line_1_1' title="bbox 157 130 757 193; baseline -0.013 0"><span class='ocrx_word' id='word_1_1' title='bbox 157 138 210 193; x_wconf 75' lang='grc'><strong>460</strong></span> <span class='ocrx_word' id='word_1_2' title='bbox 350 134 528 188; x_wconf 81' lang='lat' dir='ltr'>INCERTI</span> <span class='ocrx_word' id='word_1_3' title='bbox 545 130 757 186; x_wconf 74' lang='lat' dir='ltr'><strong>sucroms</strong></span> 
     </span>
    </p>
   </div>
   <div class='ocr_carea' id='block_1_2' title="bbox 125 237 974 591">
    <p class='ocr_par' dir='ltr' id='par_1_2' title="bbox 125 237 974 591">
     <span class='ocr_line' id='line_1_2' title="bbox 159 237 973 307; baseline -0.002 -13"><span class='ocrx_word' id='word_1_4' title='bbox 159 240 195 303; x_wconf 75' lang='lat' dir='ltr'><strong>ai,</strong></span> <span class='ocrx_word' id='word_1_5' title='bbox 203 255 258 292; x_wconf 86' lang='lat' dir='ltr'><strong>non</strong></span> <span class='ocrx_word' id='word_1_6' title='bbox 268 240 345 307; x_wconf 83' lang='lat' dir='ltr'><strong>prius</strong></span> <span class='ocrx_word' id='word_1_7' title='bbox 355 238 391 291; x_wconf 86' lang='lat' dir='ltr'><strong>ad</strong></span> <span class='ocrx_word' id='word_1_8' title='bbox 403 240 490 290; x_wconf 87' lang='lat' dir='ltr'><strong>llbros</strong></span> <span class='ocrx_word' id='word_1_9' title='bbox 500 237 651 306; x_wconf 74' lang='lat' dir='ltr'><strong>confugere</strong></span> <span class='ocrx_word' id='word_1_10' title='bbox 661 239 817 306; x_wconf 81' lang='lat' dir='ltr'><strong>potuimus,</strong></span> <span class='ocrx_word' id='word_1_11' title='bbox 828 240 900 305; x_wconf 84' lang='lat' dir='ltr'><strong>quin</strong></span> <span class='ocrx_word' id='word_1_12' title='bbox 909 245 973 292; x_wconf 71' lang='lat' dir='ltr'><strong>anta</strong></span> 
     </span>
     <span class='ocr_line' id='line_1_3' title="bbox 125 308 974 376; baseline -0.002 -14"><span class='ocrx_word' id='word_1_13' title='bbox 125 342 135 355; x_wconf 44' lang='grc' dir='ltr'>κ</span> <span class='ocrx_word' id='word_1_14' title='bbox 159 311 322 362; x_wconf 68' lang='lat' dir='ltr'>acerbitatis</span> <span class='ocrx_word' id='word_1_15' title='bbox 341 309 371 360; x_wconf 79' lang='lat' dir='ltr'><strong>vi</strong></span> <span class='ocrx_word' id='word_1_16' title='bbox 390 314 635 376; x_wconf 73' lang='lat' dir='ltr'>prosterneremur.</span> <span class='ocrx_word' id='word_1_17' title='bbox 673 308 853 374; x_wconf 71' lang='lat' dir='ltr'><strong>Quamquam</strong></span> <span class='ocrx_word' id='word_1_18' title='bbox 874 315 974 375; x_wconf 83' lang='lat' dir='ltr'><strong>postea</strong></span> 
     </span>
     <span class='ocr_line' id='line_1_4' title="bbox 160 377 974 447; baseline -0.006 -15"><span class='ocrx_word' id='word_1_19' title='bbox 160 388 288 446; x_wconf 83' lang='lat' dir='ltr'><strong>tempore</strong></span> <span class='ocrx_word' id='word_1_20' title='bbox 298 379 359 447; x_wconf 86' lang='lat' dir='ltr'><strong>ipso</strong></span> <span class='ocrx_word' id='word_1_21' title='bbox 371 377 475 430; x_wconf 70' lang='lat' dir='ltr'><strong>faenum</strong></span> <span class='ocrx_word' id='word_1_22' title='bbox 486 384 539 440; x_wconf 85' lang='lat' dir='ltr'><strong>est,</strong></span> <span class='ocrx_word' id='word_1_23' title='bbox 547 383 579 428; x_wconf 93' lang='lat' dir='ltr'><strong>ut</strong></span> <span class='ocrx_word' id='word_1_24' title='bbox 590 377 671 431; x_wconf 86' lang='lat' dir='ltr'><strong>dolor</strong></span> <span class='ocrx_word' id='word_1_25' title='bbox 679 393 740 439; x_wconf 83' lang='lat' dir='ltr'><strong>neo,</strong></span> <span class='ocrx_word' id='word_1_26' title='bbox 750 383 783 427; x_wconf 90' lang='lat' dir='ltr'><strong>ut</strong></span> <span class='ocrx_word' id='word_1_27' title='bbox 796 384 896 440; x_wconf 81' lang='lat' dir='ltr'><strong>antea,</strong></span> <span class='ocrx_word' id='word_1_28' title='bbox 906 379 974 428; x_wconf 85' lang='lat' dir='ltr'><strong>acri·</strong></span> 
     </span>
     <span class='ocr_line' id='line_1_5' title="bbox 161 447 974 515; baseline -0.006 -10"><span class='ocrx_word' id='word_1_29' title='bbox 161 465 209 511; x_wconf 79' lang='lat' dir='ltr'><strong>or,</strong></span> <span class='ocrx_word' id='word_1_30' title='bbox 230 454 259 501; x_wconf 82' lang='lat' dir='ltr'><strong>et</strong></span> <span class='ocrx_word' id='word_1_31' title='bbox 275 463 353 501; x_wconf 78' lang='lat' dir='ltr'><strong>urens</strong></span> <span class='ocrx_word' id='word_1_32' title='bbox 367 449 430 514; x_wconf 86' lang='lat' dir='ltr'><strong>ipsa</strong></span> <span class='ocrx_word' id='word_1_33' title='bbox 440 447 536 515; x_wconf 84' lang='lat' dir='ltr'><strong>paullo</strong></span> <span class='ocrx_word' id='word_1_34' title='bbox 548 455 622 499; x_wconf 85' lang='lat' dir='ltr'><strong>esset</strong></span> <span class='ocrx_word' id='word_1_35' title='bbox 631 447 757 500; x_wconf 75' lang='lat' dir='ltr'><strong>sedatior</strong></span> <span class='ocrx_word' id='word_1_36' title='bbox 767 447 844 498; x_wconf 83' lang='lat' dir='ltr'><strong>etad</strong></span> <span class='ocrx_word' id='word_1_37' title='bbox 857 447 974 500; x_wconf 70' lang='lat' dir='ltr'><strong>medici.-</strong></span> 
     </span>
     <span class='ocr_line' id='line_1_6' title="bbox 139 515 974 591; baseline -0.002 -21"><span class='ocrx_word' id='word_1_38' title='bbox 139 568 145 591; x_wconf 66' lang='grc'><em>,</em></span> <span class='ocrx_word' id='word_1_39' title='bbox 160 534 225 570; x_wconf 83' lang='lat' dir='ltr'><strong>nam</strong></span> <span class='ocrx_word' id='word_1_40' title='bbox 242 516 430 586; x_wconf 80' lang='lat' dir='ltr'><strong>accipiendam</strong></span> <span class='ocrx_word' id='word_1_41' title='bbox 445 516 540 584; x_wconf 76' lang='lat' dir='ltr'><strong>magis</strong></span> <span class='ocrx_word' id='word_1_42' title='bbox 551 517 662 569; x_wconf 86' lang='lat' dir='ltr'><strong>idonea.</strong></span> <span class='ocrx_word' id='word_1_43' title='bbox 697 515 752 568; x_wconf 82' lang='lat' dir='ltr'><strong>Sed</strong></span> <span class='ocrx_word' id='word_1_44' title='bbox 765 531 927 583; x_wconf 79' lang='lat' dir='ltr'><strong>pergamus</strong></span> <span class='ocrx_word' id='word_1_45' title='bbox 940 516 974 568; x_wconf 85' lang='lat' dir='ltr'><strong>ad</strong></span> 
     </span>
    </p>
   </div>
   <div class='ocr_carea' id='block_1_3' title="bbox 160 586 975 1141">
    <p class='ocr_par' dir='ltr' id='par_1_3' title="bbox 160 586 975 1141">
     <span class='ocr_line' id='line_1_7' title="bbox 161 586 975 656; baseline -0.004 -16"><span class='ocrx_word' id='word_1_46' title='bbox 161 589 280 656; x_wconf 83' lang='lat' dir='ltr'><strong>reliqua,</strong></span> <span class='ocrx_word' id='word_1_47' title='bbox 294 603 364 654; x_wconf 84' lang='lat' dir='ltr'><strong>quae</strong></span> <span class='ocrx_word' id='word_1_48' title='bbox 376 602 426 653; x_wconf 76' lang='lat' dir='ltr'><strong>neo</strong></span> <span class='ocrx_word' id='word_1_49' title='bbox 436 586 527 638; x_wconf 75' lang='lat' dir='ltr'><strong>nrulta</strong></span> <span class='ocrx_word' id='word_1_50' title='bbox 537 592 654 649; x_wconf 78' lang='lat' dir='ltr'><strong>restant,</strong></span> <span class='ocrx_word' id='word_1_51' title='bbox 665 591 694 638; x_wconf 88' lang='lat' dir='ltr'><strong>et</strong></span> <span class='ocrx_word' id='word_1_52' title='bbox 703 586 779 637; x_wconf 83' lang='lat' dir='ltr'><strong>scitu</strong></span> <span class='ocrx_word' id='word_1_53' title='bbox 788 602 823 638; x_wconf 87' lang='lat' dir='ltr'><strong>ac</strong></span> <span class='ocrx_word' id='word_1_54' title='bbox 835 587 975 655; x_wconf 77' lang='lat' dir='ltr'><strong>cognitio·</strong></span> 
     </span>
     <span class='ocr_line' id='line_1_8' title="bbox 160 650 974 725; baseline -0.002 -16"><span class='ocrx_word' id='word_1_55' title='bbox 160 672 196 709; x_wconf 77' lang='lat' dir='ltr'><strong>ae</strong></span> <span class='ocrx_word' id='word_1_56' title='bbox 208 658 384 725; x_wconf 65' lang='lat' dir='ltr'><strong>dignissimas</strong></span> <span class='ocrx_word' id='word_1_57' title='bbox 405 650 501 709; x_wconf 82' lang='lat' dir='ltr'><strong>fructu</strong></span> <span class='ocrx_word' id='word_1_58' title='bbox 512 663 605 708; x_wconf 84' lang='lat' dir='ltr'><strong>auteur</strong></span> <span class='ocrx_word' id='word_1_59' title='bbox 621 657 699 723; x_wconf 77' lang='lat' dir='ltr'><strong>ipso,</strong></span> <span class='ocrx_word' id='word_1_60' title='bbox 718 671 801 722; x_wconf 78' lang='lat' dir='ltr'><strong>quein</strong></span> <span class='ocrx_word' id='word_1_61' title='bbox 819 657 974 722; x_wconf 78' lang='lat' dir='ltr'><strong>praecipue</strong></span> 
     </span>
     <span class='ocr_line' id='line_1_9' title="bbox 162 724 975 794; baseline 0.001 -18"><span class='ocrx_word' id='word_1_62' title='bbox 162 727 329 794; x_wconf 76' lang='lat' dir='ltr'>quaerimus,</span> <span class='ocrx_word' id='word_1_63' title='bbox 336 724 623 792; x_wconf 80' lang='lat' dir='ltr'><strong>gratioralortasseet</strong></span> <span class='ocrx_word' id='word_1_64' title='bbox 633 726 775 783; x_wconf 76' lang='lat' dir='ltr'><strong>uberiora.</strong></span> <span class='ocrx_word' id='word_1_65' title='bbox 785 725 867 786; x_wconf 79' lang='lat' dir='ltr'><strong>Quid</strong></span> <span class='ocrx_word' id='word_1_66' title='bbox 879 733 924 778; x_wconf 80' lang='lat' dir='ltr'><strong>est</strong></span> <span class='ocrx_word' id='word_1_67' title='bbox 934 740 975 777; x_wconf 87' lang='lat' dir='ltr'><strong>er·</strong></span> 
     </span>
     <span class='ocr_line' id='line_1_10' title="bbox 160 795 972 866; baseline -0.001 -18"><span class='ocrx_word' id='word_1_68' title='bbox 160 811 208 866; x_wconf 72' lang='lat' dir='ltr'><strong>go,</strong></span> <span class='ocrx_word' id='word_1_69' title='bbox 228 796 303 863; x_wconf 84' lang='lat' dir='ltr'><strong>quod</strong></span> <span class='ocrx_word' id='word_1_70' title='bbox 314 797 437 862; x_wconf 85' lang='lat' dir='ltr'><strong>aliquam</strong></span> <span class='ocrx_word' id='word_1_71' title='bbox 449 796 531 847; x_wconf 88' lang='lat' dir='ltr'><strong>nobis</strong></span> <span class='ocrx_word' id='word_1_72' title='bbox 543 795 642 847; x_wconf 78' lang='lat' dir='ltr'><strong>afferre</strong></span> <span class='ocrx_word' id='word_1_73' title='bbox 652 795 863 847; x_wconf 76' lang='lat' dir='ltr'><strong>dubitationem</strong></span> <span class='ocrx_word' id='word_1_74' title='bbox 875 796 972 863; x_wconf 73' lang='lat' dir='ltr'><strong>possit,</strong></span> 
     </span>
     <span class='ocr_line' id='line_1_11' title="bbox 161 862 973 930; baseline -0.006 -12"><span class='ocrx_word' id='word_1_75' title='bbox 161 881 211 918; x_wconf 84' lang='lat' dir='ltr'><strong>our</strong></span> <span class='ocrx_word' id='word_1_76' title='bbox 220 863 291 917; x_wconf 74' lang='lat' dir='ltr'><strong>nibil</strong></span> <span class='ocrx_word' id='word_1_77' title='bbox 303 866 414 917; x_wconf 67' lang='lat' dir='ltr'><strong>omnium</strong></span> <span class='ocrx_word' id='word_1_78' title='bbox 427 871 587 930; x_wconf 79' lang='lat' dir='ltr'><strong>nostrorum</strong></span> <span class='ocrx_word' id='word_1_79' title='bbox 597 872 688 916; x_wconf 84' lang='lat' dir='ltr'><strong>morte</strong></span> <span class='ocrx_word' id='word_1_80' title='bbox 697 862 973 918; x_wconf 76' lang='lat' dir='ltr'><strong>doleredebeamusl</strong></span> 
     </span>
     <span class='ocr_line' id='line_1_12' title="bbox 160 929 972 1002; baseline -0.002 -15"><span class='ocrx_word' id='word_1_81' title='bbox 160 929 267 997; x_wconf 73' lang='lat' dir='ltr'><strong>Cierio,</strong></span> <span class='ocrx_word' id='word_1_82' title='bbox 286 935 312 986; x_wconf 87' lang='lat' dir='ltr'><strong>si</strong></span> <span class='ocrx_word' id='word_1_83' title='bbox 328 934 438 1002; x_wconf 79' lang='lat' dir='ltr'><strong>quando</strong></span> <span class='ocrx_word' id='word_1_84' title='bbox 454 934 537 985; x_wconf 87' lang='lat' dir='ltr'><strong>nobis</strong></span> <span class='ocrx_word' id='word_1_85' title='bbox 547 934 578 984; x_wconf 90' lang='lat' dir='ltr'><strong>in</strong></span> <span class='ocrx_word' id='word_1_86' title='bbox 590 940 712 986; x_wconf 79' lang='lat' dir='ltr'><strong>mentem</strong></span> <span class='ocrx_word' id='word_1_87' title='bbox 724 935 820 997; x_wconf 79' lang='lat' dir='ltr'><strong>veuit,</strong></span> <span class='ocrx_word' id='word_1_88' title='bbox 836 948 972 1002; x_wconf 81' lang='lat' dir='ltr'><strong>magnam</strong></span> 
     </span>
     <span class='ocr_line' id='line_1_13' title="bbox 160 1004 971 1071; baseline -0.002 -14"><span class='ocrx_word' id='word_1_89' title='bbox 160 1019 212 1057; x_wconf 85' lang='lat' dir='ltr'><strong>uos</strong></span> <span class='ocrx_word' id='word_1_90' title='bbox 223 1020 258 1057; x_wconf 86' lang='lat' dir='ltr'><strong>ex</strong></span> <span class='ocrx_word' id='word_1_91' title='bbox 269 1016 377 1068; x_wconf 82' lang='lat' dir='ltr'><strong>eorum,</strong></span> <span class='ocrx_word' id='word_1_92' title='bbox 392 1004 628 1071; x_wconf 73' lang='lat' dir='ltr'><strong>quosamisimus,</strong></span> <span class='ocrx_word' id='word_1_93' title='bbox 644 1018 730 1070; x_wconf 84' lang='lat' dir='ltr'><strong>opera</strong></span> <span class='ocrx_word' id='word_1_94' title='bbox 741 1019 774 1055; x_wconf 82' lang='lat' dir='ltr'><strong>ae</strong></span> <span class='ocrx_word' id='word_1_95' title='bbox 783 1004 891 1057; x_wconf 86' lang='lat' dir='ltr'><strong>studio</strong></span> <span class='ocrx_word' id='word_1_96' title='bbox 898 1004 971 1055; x_wconf 85' lang='lat' dir='ltr'><strong>utili·</strong></span> 
     </span>
     <span class='ocr_line' id='line_1_14' title="bbox 160 1069 973 1141; baseline -0.005 -14"><span class='ocrx_word' id='word_1_97' title='bbox 160 1080 247 1127; x_wconf 83' lang='lat' dir='ltr'><strong>tatem</strong></span> <span class='ocrx_word' id='word_1_98' title='bbox 260 1080 442 1141; x_wconf 83' lang='lat' dir='ltr'><strong>pereepturos</strong></span> <span class='ocrx_word' id='word_1_99' title='bbox 452 1069 548 1125; x_wconf 78' lang='lat' dir='ltr'><strong>fuisse.</strong></span> <span class='ocrx_word' id='word_1_100' title='bbox 576 1076 613 1125; x_wconf 74' lang='lat' dir='ltr'><strong>nt</strong></span> <span class='ocrx_word' id='word_1_101' title='bbox 622 1073 675 1125; x_wconf 83' lang='lat' dir='ltr'><strong>boo</strong></span> <span class='ocrx_word' id='word_1_102' title='bbox 686 1089 742 1128; x_wconf 82' lang='lat' dir='ltr'><strong>noa</strong></span> <span class='ocrx_word' id='word_1_103' title='bbox 752 1072 787 1126; x_wconf 86' lang='lat' dir='ltr'><strong>ad</strong></span> <span class='ocrx_word' id='word_1_104' title='bbox 800 1075 915 1128; x_wconf 79' lang='lat' dir='ltr'><strong>anricus</strong></span> <span class='ocrx_word' id='word_1_105' title='bbox 925 1078 973 1125; x_wconf 89' lang='lat' dir='ltr'><strong>aut</strong></span> 
     </span>
    </p>
   </div>
   <div class='ocr_carea' id='block_1_4' title="bbox 162 1142 1026 1280">
    <p class='ocr_par' dir='ltr' id='par_1_4' title="bbox 162 1142 1026 1280">
     <span class='ocr_line' id='line_1_15' title="bbox 162 1142 1026 1211; baseline -0.005 -14"><span class='ocrx_word' id='word_1_106' title='bbox 162 1143 267 1205; x_wconf 86' lang='lat' dir='ltr'><strong>affines,</strong></span> <span class='ocrx_word' id='word_1_107' title='bbox 284 1158 402 1211; x_wconf 88' lang='lat' dir='ltr'><strong>quorum</strong></span> <span class='ocrx_word' id='word_1_108' title='bbox 413 1142 510 1193; x_wconf 86' lang='lat' dir='ltr'><strong>dolere</strong></span> <span class='ocrx_word' id='word_1_109' title='bbox 520 1143 647 1193; x_wconf 80' lang='lat' dir='ltr'><strong>videmur</strong></span> <span class='ocrx_word' id='word_1_110' title='bbox 657 1144 784 1204; x_wconf 82' lang='lat' dir='ltr'><strong>interitu,</strong></span> <span class='ocrx_word' id='word_1_111' title='bbox 795 1143 849 1194; x_wconf 84' lang='lat' dir='ltr'><strong>sed</strong></span> <span class='ocrx_word' id='word_1_112' title='bbox 862 1143 902 1195; x_wconf 78' lang='lat' dir='ltr'><strong>ad</strong></span> <span class='ocrx_word' id='word_1_113' title='bbox 912 1158 971 1194; x_wconf 86' lang='lat' dir='ltr'><strong>nos·</strong></span> <span class='ocrx_word' id='word_1_114' title='bbox 1025 1194 1026 1209; x_wconf 20' lang='grc' dir='ltr'>ἶ</span> 
     </span>
     <span class='ocr_line' id='line_1_16' title="bbox 162 1210 1026 1280; baseline -0.001 -14"><span class='ocrx_word' id='word_1_115' title='bbox 162 1213 297 1280; x_wconf 84' lang='lat' dir='ltr'><strong>metipsos</strong></span> <span class='ocrx_word' id='word_1_116' title='bbox 309 1211 468 1279; x_wconf 78' lang='lat' dir='ltr'><strong>pertinebit.</strong></span> <span class='ocrx_word' id='word_1_117' title='bbox 503 1210 693 1263; x_wconf 82' lang='lat' dir='ltr'><strong>Meroenarius</strong></span> <span class='ocrx_word' id='word_1_118' title='bbox 708 1213 798 1280; x_wconf 80' lang='lat' dir='ltr'><strong>igitur</strong></span> <span class='ocrx_word' id='word_1_119' title='bbox 810 1212 899 1265; x_wconf 90' lang='lat' dir='ltr'><strong>dolor</strong></span> <span class='ocrx_word' id='word_1_120' title='bbox 913 1212 970 1265; x_wconf 79' lang='lat' dir='ltr'><strong>fua·</strong></span> <span class='ocrx_word' id='word_1_121' title='bbox 1025 1220 1026 1227; x_wconf 78' lang='grc'>’</span> 
     </span>
    </p>
   </div>
   <div class='ocr_carea' id='block_1_5' title="bbox 160 1279 968 1419">
    <p class='ocr_par' dir='ltr' id='par_1_5' title="bbox 160 1279 968 1419">
     <span class='ocr_line' id='line_1_17' title="bbox 161 1279 968 1350; baseline -0.004 -14"><span class='ocrx_word' id='word_1_122' title='bbox 161 1283 214 1345; x_wconf 88' lang='lat' dir='ltr'><strong>rit,</strong></span> <span class='ocrx_word' id='word_1_123' title='bbox 236 1282 336 1350; x_wconf 87' lang='lat' dir='ltr'><strong>quique</strong></span> <span class='ocrx_word' id='word_1_124' title='bbox 345 1296 401 1335; x_wconf 86' lang='lat' dir='ltr'><strong>non</strong></span> <span class='ocrx_word' id='word_1_125' title='bbox 412 1296 447 1333; x_wconf 81' lang='lat' dir='ltr'><strong>ex</strong></span> <span class='ocrx_word' id='word_1_126' title='bbox 457 1279 594 1333; x_wconf 84' lang='lat' dir='ltr'><strong>affinitate</strong></span> <span class='ocrx_word' id='word_1_127' title='bbox 604 1287 653 1332; x_wconf 91' lang='lat' dir='ltr'><strong>aut</strong></span> <span class='ocrx_word' id='word_1_128' title='bbox 662 1282 864 1334; x_wconf 74' lang='lat' dir='ltr'><strong>benevolentia</strong></span> <span class='ocrx_word' id='word_1_129' title='bbox 875 1282 926 1335; x_wconf 77' lang='lat' dir='ltr'><strong>sei</strong></span> <span class='ocrx_word' id='word_1_130' title='bbox 937 1294 968 1333; x_wconf 85' lang='lat' dir='ltr'><strong>ex</strong></span> 
     </span>
     <span class='ocr_line' id='line_1_18' title="bbox 160 1350 968 1419; baseline -0.004 -14"><span class='ocrx_word' id='word_1_131' title='bbox 160 1369 217 1405; x_wconf 85' lang='lat' dir='ltr'><strong>una</strong></span> <span class='ocrx_word' id='word_1_132' title='bbox 227 1353 373 1419; x_wconf 80' lang='lat' dir='ltr'><strong>proveniat</strong></span> <span class='ocrx_word' id='word_1_133' title='bbox 383 1350 519 1404; x_wconf 85' lang='lat' dir='ltr'><strong>utilitate.</strong></span> <span class='ocrx_word' id='word_1_134' title='bbox 555 1350 630 1412; x_wconf 76' lang='lat' dir='ltr'><strong>Quid</strong></span> <span class='ocrx_word' id='word_1_135' title='bbox 646 1357 739 1405; x_wconf 84' lang='lat' dir='ltr'><strong>autem</strong></span> <span class='ocrx_word' id='word_1_136' title='bbox 755 1350 968 1418; x_wconf 81' lang='lat' dir='ltr'><strong>flagitiosiuset</strong></span> 
     </span>
    </p>
   </div>
   <div class='ocr_carea' id='block_1_6' title="bbox 159 1420 1026 1489">
    <p class='ocr_par' dir='ltr' id='par_1_6' title="bbox 159 1420 1026 1489">
     <span class='ocr_line' id='line_1_19' title="bbox 159 1420 1026 1489; baseline -0.003 -14"><span class='ocrx_word' id='word_1_137' title='bbox 159 1421 309 1489; x_wconf 78' lang='lat' dir='ltr'><strong>indignius,</strong></span> <span class='ocrx_word' id='word_1_138' title='bbox 329 1436 412 1488; x_wconf 84' lang='lat' dir='ltr'><strong>quarn</strong></span> <span class='ocrx_word' id='word_1_139' title='bbox 422 1436 497 1483; x_wconf 86' lang='lat' dir='ltr'><strong>eum,</strong></span> <span class='ocrx_word' id='word_1_140' title='bbox 514 1421 563 1487; x_wconf 89' lang='lat' dir='ltr'><strong>qui</strong></span> <span class='ocrx_word' id='word_1_141' title='bbox 573 1421 615 1471; x_wconf 86' lang='lat' dir='ltr'><strong>sie</strong></span> <span class='ocrx_word' id='word_1_142' title='bbox 624 1420 720 1473; x_wconf 75' lang='lat' dir='ltr'><strong>doleat</strong></span> <span class='ocrx_word' id='word_1_143' title='bbox 730 1420 818 1473; x_wconf 81' lang='lat' dir='ltr'><strong>fateri</strong></span> <span class='ocrx_word' id='word_1_144' title='bbox 830 1428 968 1488; x_wconf 80' lang='lat' dir='ltr'><strong>oportere,</strong></span> <span class='ocrx_word' id='word_1_145' title='bbox 1025 1468 1026 1481; x_wconf 16' lang='grc' dir='ltr'>ἢ</span> 
     </span>
    </p>
   </div>
   <div class='ocr_carea' id='block_1_7' title="bbox 161 1489 969 1561">
    <p class='ocr_par' dir='ltr' id='par_1_7' title="bbox 161 1489 969 1561">
     <span class='ocr_line' id='line_1_20' title="bbox 161 1489 969 1561; baseline -0.002 -17"><span class='ocrx_word' id='word_1_146' title='bbox 161 1507 245 1561; x_wconf 88' lang='lat' dir='ltr'><strong>quum</strong></span> <span class='ocrx_word' id='word_1_147' title='bbox 256 1497 402 1559; x_wconf 77' lang='lat' dir='ltr'><strong>tantopere</strong></span> <span class='ocrx_word' id='word_1_148' title='bbox 414 1491 532 1543; x_wconf 75' lang='lat' dir='ltr'><strong>alicuuus</strong></span> <span class='ocrx_word' id='word_1_149' title='bbox 547 1497 641 1544; x_wconf 73' lang='lat' dir='ltr'><strong>incutev</strong></span> <span class='ocrx_word' id='word_1_150' title='bbox 653 1491 805 1554; x_wconf 82' lang='lat' dir='ltr'><strong>crucietur,</strong></span> <span class='ocrx_word' id='word_1_151' title='bbox 828 1491 906 1559; x_wconf 90' lang='lat' dir='ltr'><strong>quod</strong></span> <span class='ocrx_word' id='word_1_152' title='bbox 921 1489 969 1542; x_wconf 84' lang='lat' dir='ltr'><strong>ali·</strong></span> 
     </span>
    </p>
   </div>
   <div class='ocr_carea' id='block_1_8' title="bbox 161 1559 1026 1644">
    <p class='ocr_par' dir='ltr' id='par_1_8' title="bbox 161 1559 1026 1644">
     <span class='ocr_line' id='line_1_21' title="bbox 161 1559 1026 1644; baseline -0.001 -31"><span class='ocrx_word' id='word_1_153' title='bbox 161 1578 216 1644; x_wconf 74' lang='lat' dir='ltr'><strong>qpa</strong></span> <span class='ocrx_word' id='word_1_154' title='bbox 224 1559 350 1613; x_wconf 81' lang='lat' dir='ltr'><strong>utilitate</strong></span> <span class='ocrx_word' id='word_1_155' title='bbox 360 1561 486 1628; x_wconf 79' lang='lat' dir='ltr'><strong>privatus</strong></span> <span class='ocrx_word' id='word_1_156' title='bbox 496 1561 543 1623; x_wconf 80' lang='lat' dir='ltr'><strong>sit,</strong></span> <span class='ocrx_word' id='word_1_157' title='bbox 562 1561 587 1611; x_wconf 87' lang='lat' dir='ltr'><strong>si</strong></span> <span class='ocrx_word' id='word_1_158' title='bbox 596 1560 666 1612; x_wconf 88' lang='lat' dir='ltr'><strong>nibil</strong></span> <span class='ocrx_word' id='word_1_159' title='bbox 676 1577 712 1615; x_wconf 85' lang='lat' dir='ltr'><strong>ex</strong></span> <span class='ocrx_word' id='word_1_160' title='bbox 722 1563 783 1627; x_wconf 83' lang='lat' dir='ltr'><strong>eius</strong></span> <span class='ocrx_word' id='word_1_161' title='bbox 794 1563 858 1612; x_wconf 76' lang='lat' dir='ltr'><strong>rita</strong></span> <span class='ocrx_word' id='word_1_162' title='bbox 868 1560 969 1614; x_wconf 81' lang='lat' dir='ltr'><strong>benefi·</strong></span> <span class='ocrx_word' id='word_1_163' title='bbox 1025 1593 1026 1596; x_wconf 59' lang='lat'><em>=</em></span> 
     </span>
    </p>
   </div>
   <div class='ocr_carea' id='block_1_9' title="bbox 106 1629 969 1699">
    <p class='ocr_par' dir='ltr' id='par_1_9' title="bbox 106 1629 969 1699">
     <span class='ocr_line' id='line_1_22' title="bbox 106 1629 969 1699; baseline -0.002 -17"><span class='ocrx_word' id='word_1_164' title='bbox 106 1671 128 1694; x_wconf 66' lang='grc'><strong>,,</strong></span> <span class='ocrx_word' id='word_1_165' title='bbox 162 1632 199 1683; x_wconf 77' lang='lat' dir='ltr'><strong>cai</strong></span> <span class='ocrx_word' id='word_1_166' title='bbox 210 1647 243 1682; x_wconf 86' lang='lat' dir='ltr'><strong>ac</strong></span> <span class='ocrx_word' id='word_1_167' title='bbox 259 1631 398 1682; x_wconf 79' lang='lat' dir='ltr'><strong>commodi</strong></span> <span class='ocrx_word' id='word_1_168' title='bbox 411 1646 444 1684; x_wconf 75' lang='lat' dir='ltr'><strong>aa</strong></span> <span class='ocrx_word' id='word_1_169' title='bbox 457 1637 672 1682; x_wconf 76' lang='lat' dir='ltr'><strong>consecuturum</strong></span> <span class='ocrx_word' id='word_1_170' title='bbox 692 1631 881 1699; x_wconf 79' lang='lat' dir='ltr'><strong>speravisset,</strong></span> <span class='ocrx_word' id='word_1_171' title='bbox 902 1629 969 1681; x_wconf 83' lang='lat' dir='ltr'><strong>nibil</strong></span> 
     </span>
    </p>
   </div>
   <div class='ocr_carea' id='block_1_10' title="bbox 89 1695 1026 1764">
    <p class='ocr_par' dir='ltr' id='par_1_10' title="bbox 89 1695 1026 1764">
     <span class='ocr_line' id='line_1_23' title="bbox 89 1695 1026 1764; baseline -0.002 -11"><span class='ocrx_word' id='word_1_172' title='bbox 89 1700 92 1706; x_wconf 69' lang='grc'><em>’</em></span> <span class='ocrx_word' id='word_1_173' title='bbox 159 1699 215 1753; x_wconf 82' lang='lat' dir='ltr'><strong>sibi</strong></span> <span class='ocrx_word' id='word_1_174' title='bbox 225 1700 336 1753; x_wconf 87' lang='lat' dir='ltr'><strong>omnino</strong></span> <span class='ocrx_word' id='word_1_175' title='bbox 349 1698 496 1752; x_wconf 82' lang='lat' dir='ltr'><strong>dolendum</strong></span> <span class='ocrx_word' id='word_1_176' title='bbox 508 1695 614 1752; x_wconf 68' lang='lat' dir='ltr'><strong>{uisset</strong></span> <span class='ocrx_word' id='word_1_177' title='bbox 628 1702 664 1753; x_wconf 79' lang='lat' dir='ltr'><strong>At</strong></span> <span class='ocrx_word' id='word_1_178' title='bbox 674 1702 828 1764; x_wconf 81' lang='lat' dir='ltr'><strong>rideamus,</strong></span> <span class='ocrx_word' id='word_1_179' title='bbox 838 1716 898 1752; x_wconf 84' lang='lat' dir='ltr'><strong>non</strong></span> <span class='ocrx_word' id='word_1_180' title='bbox 907 1700 970 1752; x_wconf 86' lang='lat' dir='ltr'><strong>Per·</strong></span> <span class='ocrx_word' id='word_1_181' title='bbox 1025 1701 1026 1738; x_wconf 61' lang='lat' dir='ltr'><strong>i</strong></span> 
     </span>
    </p>
   </div>
   <div class='ocr_carea' id='block_1_11' title="bbox 154 1766 969 1839">
    <p class='ocr_par' dir='ltr' id='par_1_11' title="bbox 154 1766 969 1839">
     <span class='ocr_line' id='line_1_24' title="bbox 154 1766 969 1839; baseline -0.001 -17"><span class='ocrx_word' id='word_1_182' title='bbox 154 1786 205 1838; x_wconf 20' lang='lat' dir='ltr'><strong>,aas</strong></span> <span class='ocrx_word' id='word_1_183' title='bbox 216 1775 266 1822; x_wconf 89' lang='lat' dir='ltr'><strong>aut</strong></span> <span class='ocrx_word' id='word_1_184' title='bbox 276 1766 411 1839; x_wconf 83' lang='lat' dir='ltr'><strong>Scythas,</strong></span> <span class='ocrx_word' id='word_1_185' title='bbox 420 1768 469 1821; x_wconf 85' lang='lat' dir='ltr'><strong>sed</strong></span> <span class='ocrx_word' id='word_1_186' title='bbox 480 1783 496 1821; x_wconf 86' lang='lat' dir='ltr'><strong>e</strong></span> <span class='ocrx_word' id='word_1_187' title='bbox 507 1768 601 1822; x_wconf 86' lang='lat' dir='ltr'><strong>media</strong></span> <span class='ocrx_word' id='word_1_188' title='bbox 611 1771 725 1822; x_wconf 74' lang='lat' dir='ltr'><strong>civitate</strong></span> <span class='ocrx_word' id='word_1_189' title='bbox 735 1777 836 1822; x_wconf 86' lang='lat' dir='ltr'><strong>nostra</strong></span> <span class='ocrx_word' id='word_1_190' title='bbox 846 1768 969 1822; x_wconf 78' lang='lat' dir='ltr'><strong>clarissi·</strong></span> 
     </span>
    </p>
   </div>
   <div class='ocr_carea' id='block_1_12' title="bbox 155 1839 984 1906">
    <p class='ocr_par' dir='ltr' id='par_1_12' title="bbox 155 1839 984 1906">
     <span class='ocr_line' id='line_1_25' title="bbox 155 1839 984 1906; baseline -0.004 -15"><span class='ocrx_word' id='word_1_191' title='bbox 155 1839 220 1898; x_wconf 74' lang='lat' dir='ltr'><strong>bros</strong></span> <span class='ocrx_word' id='word_1_192' title='bbox 231 1846 260 1890; x_wconf 87' lang='lat' dir='ltr'><strong>et</strong></span> <span class='ocrx_word' id='word_1_193' title='bbox 271 1839 529 1906; x_wconf 86' lang='lat' dir='ltr'><strong>praestantissimos</strong></span> <span class='ocrx_word' id='word_1_194' title='bbox 539 1839 614 1889; x_wconf 77' lang='lat' dir='ltr'><strong>viros</strong></span> <span class='ocrx_word' id='word_1_195' title='bbox 630 1840 763 1903; x_wconf 79' lang='lat' dir='ltr'><strong>accires,</strong></span> <span class='ocrx_word' id='word_1_196' title='bbox 784 1840 904 1904; x_wconf 86' lang='lat' dir='ltr'><strong>quinon</strong></span> <span class='ocrx_word' id='word_1_197' title='bbox 914 1853 970 1890; x_wconf 88' lang='lat' dir='ltr'><strong>mo·</strong></span> <span class='ocrx_word' id='word_1_198' title='bbox 982 1873 984 1888; x_wconf 89' lang='lat'><em>.</em></span> 
     </span>
    </p>
   </div>
   <div class='ocr_carea' id='block_1_13' title="bbox 163 1907 1026 2111">
    <p class='ocr_par' dir='ltr' id='par_1_13' title="bbox 163 1907 1026 2111">
     <span class='ocr_line' id='line_1_26' title="bbox 166 1907 1026 1992; baseline -0.005 -29"><span class='ocrx_word' id='word_1_199' title='bbox 166 1909 203 1963; x_wconf 86' lang='lat' dir='ltr'><strong>do</strong></span> <span class='ocrx_word' id='word_1_200' title='bbox 220 1909 389 1975; x_wconf 83' lang='lat' dir='ltr'><strong>amicorum,</strong></span> <span class='ocrx_word' id='word_1_201' title='bbox 404 1926 464 1976; x_wconf 79' lang='lat' dir='ltr'><strong>euni</strong></span> <span class='ocrx_word' id='word_1_202' title='bbox 476 1910 575 1977; x_wconf 84' lang='lat' dir='ltr'><strong>quibus</strong></span> <span class='ocrx_word' id='word_1_203' title='bbox 587 1909 819 1961; x_wconf 74' lang='lat' dir='ltr'><strong>coniunctissime</strong></span> <span class='ocrx_word' id='word_1_204' title='bbox 826 1910 970 1971; x_wconf 66' lang='lat' dir='ltr'><strong>vixerant,</strong></span> <span class='ocrx_word' id='word_1_205' title='bbox 1025 1907 1026 1992; x_wconf 59' lang='lat' dir='ltr'><strong>l</strong></span> 
     </span>
     <span class='ocr_line' id='line_1_27' title="bbox 163 1978 1026 2052; baseline -0.002 -19"><span class='ocrx_word' id='word_1_206' title='bbox 163 1980 307 2052; x_wconf 73' lang='lat' dir='ltr'><strong>sedetiam</strong></span> <span class='ocrx_word' id='word_1_207' title='bbox 314 1979 475 2043; x_wconf 82' lang='lat' dir='ltr'><strong>liberorum,</strong></span> <span class='ocrx_word' id='word_1_208' title='bbox 486 1986 514 2033; x_wconf 85' lang='lat' dir='ltr'><strong>et</strong></span> <span class='ocrx_word' id='word_1_209' title='bbox 526 1979 638 2048; x_wconf 86' lang='lat' dir='ltr'><strong>quidem</strong></span> <span class='ocrx_word' id='word_1_210' title='bbox 645 1978 865 2043; x_wconf 74' lang='lat' dir='ltr'><strong>carissimorum,</strong></span> <span class='ocrx_word' id='word_1_211' title='bbox 876 1979 972 2031; x_wconf 89' lang='lat' dir='ltr'><strong>interi·</strong></span> <span class='ocrx_word' id='word_1_212' title='bbox 1025 1997 1026 2042; x_wconf 57' lang='lat'><strong><em>;</em></strong></span> 
     </span>
     <span class='ocr_line' id='line_1_28' title="bbox 164 2048 1026 2111; baseline 0 -9"><span class='ocrx_word' id='word_1_213' title='bbox 164 2051 273 2103; x_wconf 78' lang='lat' dir='ltr'><strong>tumltu</strong></span> <span class='ocrx_word' id='word_1_214' title='bbox 283 2050 398 2103; x_wconf 86' lang='lat' dir='ltr'><strong>fortiter</strong></span> <span class='ocrx_word' id='word_1_215' title='bbox 409 2058 437 2103; x_wconf 85' lang='lat' dir='ltr'><strong>et</strong></span> <span class='ocrx_word' id='word_1_216' title='bbox 447 2056 609 2102; x_wconf 81' lang='lat' dir='ltr'><strong>constanter</strong></span> <span class='ocrx_word' id='word_1_217' title='bbox 618 2049 752 2111; x_wconf 87' lang='lat' dir='ltr'><strong>tulerunt,</strong></span> <span class='ocrx_word' id='word_1_218' title='bbox 765 2054 795 2100; x_wconf 94' lang='lat' dir='ltr'><strong>ut</strong></span> <span class='ocrx_word' id='word_1_219' title='bbox 806 2048 971 2101; x_wconf 83' lang='lat' dir='ltr'><strong>caussaeni·</strong></span> <span class='ocrx_word' id='word_1_220' title='bbox 1025 2099 1026 2102; x_wconf 76' lang='grc'>,</span> 
     </span>
    </p>
   </div>
   <div class='ocr_carea' id='block_1_14' title="bbox 163 2117 969 2187">
    <p class='ocr_par' dir='ltr' id='par_1_14' title="bbox 163 2117 969 2187">
     <span class='ocr_line' id='line_1_29' title="bbox 163 2117 969 2187; baseline -0.005 -14"><span class='ocrx_word' id='word_1_221' title='bbox 163 2120 206 2173; x_wconf 90' lang='lat' dir='ltr'><strong>bil</strong></span> <span class='ocrx_word' id='word_1_222' title='bbox 216 2122 269 2182; x_wconf 88' lang='lat' dir='ltr'><strong>sit,</strong></span> <span class='ocrx_word' id='word_1_223' title='bbox 286 2121 353 2187; x_wconf 85' lang='lat' dir='ltr'><strong>quin</strong></span> <span class='ocrx_word' id='word_1_224' title='bbox 363 2131 412 2173; x_wconf 79' lang='lat' dir='ltr'><strong>eos</strong></span> <span class='ocrx_word' id='word_1_225' title='bbox 422 2120 613 2187; x_wconf 79' lang='lat' dir='ltr'><strong>superioribus</strong></span> <span class='ocrx_word' id='word_1_226' title='bbox 624 2117 741 2170; x_wconf 72' lang='lat' dir='ltr'><strong>Graecis</strong></span> <span class='ocrx_word' id='word_1_227' title='bbox 752 2126 924 2185; x_wconf 74' lang='lat' dir='ltr'><strong>comparare</strong></span> <span class='ocrx_word' id='word_1_228' title='bbox 931 2125 969 2170; x_wconf 86' lang='lat' dir='ltr'><strong>at·</strong></span> 
     </span>
    </p>
   </div>
   <div class='ocr_carea' id='block_1_15' title="bbox 107 2186 1026 2258">
    <p class='ocr_par' dir='ltr' id='par_1_15' title="bbox 107 2186 1026 2258">
     <span class='ocr_line' id='line_1_30' title="bbox 107 2186 1026 2258; baseline -0.002 -17"><span class='ocrx_word' id='word_1_229' title='bbox 107 2249 113 2254; x_wconf 40' lang='grc'><strong><em>,</em></strong></span> <span class='ocrx_word' id='word_1_230' title='bbox 165 2206 218 2258; x_wconf 89' lang='lat' dir='ltr'><strong>que</strong></span> <span class='ocrx_word' id='word_1_231' title='bbox 229 2191 314 2244; x_wconf 81' lang='lat' dir='ltr'><strong>stiam</strong></span> <span class='ocrx_word' id='word_1_232' title='bbox 324 2189 465 2244; x_wconf 78' lang='lat' dir='ltr'><strong>anteferre</strong></span> <span class='ocrx_word' id='word_1_233' title='bbox 474 2189 634 2241; x_wconf 69' lang='lat' dir='ltr'><strong>debeamus,</strong></span> <span class='ocrx_word' id='word_1_234' title='bbox 650 2189 739 2253; x_wconf 75' lang='lat' dir='ltr'><strong>Atque</strong></span> <span class='ocrx_word' id='word_1_235' title='bbox 750 2186 806 2239; x_wconf 88' lang='lat' dir='ltr'><strong>boe</strong></span> <span class='ocrx_word' id='word_1_236' title='bbox 817 2189 971 2240; x_wconf 81' lang='lat' dir='ltr'><strong>nrultnma·</strong></span> <span class='ocrx_word' id='word_1_237' title='bbox 1025 2201 1026 2226; x_wconf 67' lang='lat' dir='ltr'><strong>l</strong></span> 
     </span>
    </p>
   </div>
   <div class='ocr_carea' id='block_1_16' title="bbox 127 2253 969 2745">
    <p class='ocr_par' dir='ltr' id='par_1_16' title="bbox 127 2253 969 2745">
     <span class='ocr_line' id='line_1_31' title="bbox 149 2253 969 2327; baseline 0 -17"><span class='ocrx_word' id='word_1_238' title='bbox 149 2260 207 2327; x_wconf 80' lang='lat' dir='ltr'><strong>¹gis</strong></span> <span class='ocrx_word' id='word_1_239' title='bbox 218 2253 246 2311; x_wconf 76' lang='lat' dir='ltr'><strong>il</strong></span> <span class='ocrx_word' id='word_1_240' title='bbox 258 2259 316 2311; x_wconf 92' lang='lat' dir='ltr'><strong>illis</strong></span> <span class='ocrx_word' id='word_1_241' title='bbox 328 2260 482 2312; x_wconf 84' lang='lat' dir='ltr'><strong>mirandum</strong></span> <span class='ocrx_word' id='word_1_242' title='bbox 494 2258 594 2320; x_wconf 81' lang='lat' dir='ltr'><strong>luerit,</strong></span> <span class='ocrx_word' id='word_1_243' title='bbox 608 2257 682 2325; x_wconf 86' lang='lat' dir='ltr'><strong>quod</strong></span> <span class='ocrx_word' id='word_1_244' title='bbox 692 2258 720 2308; x_wconf 90' lang='lat' dir='ltr'><strong>in</strong></span> <span class='ocrx_word' id='word_1_245' title='bbox 732 2271 833 2310; x_wconf 85' lang='lat' dir='ltr'><strong>eorum</strong></span> <span class='ocrx_word' id='word_1_246' title='bbox 847 2258 928 2310; x_wconf 88' lang='lat' dir='ltr'><strong>obito</strong></span> <span class='ocrx_word' id='word_1_247' title='bbox 940 2272 969 2310; x_wconf 80' lang='lat' dir='ltr'><strong>se</strong></span> 
     </span>
     <span class='ocr_line' id='line_1_32' title="bbox 161 2323 969 2395; baseline -0.002 -14"><span class='ocrx_word' id='word_1_248' title='bbox 161 2323 331 2381; x_wconf 75' lang='lat' dir='ltr'><strong>fortissimos</strong></span> <span class='ocrx_word' id='word_1_249' title='bbox 342 2337 370 2382; x_wconf 87' lang='lat' dir='ltr'><strong>et</strong></span> <span class='ocrx_word' id='word_1_250' title='bbox 383 2329 623 2381; x_wconf 86' lang='lat' dir='ltr'><strong>constantissimos</strong></span> <span class='ocrx_word' id='word_1_251' title='bbox 633 2328 838 2392; x_wconf 85' lang='lat' dir='ltr'><strong>praebuerunt,</strong></span> <span class='ocrx_word' id='word_1_252' title='bbox 855 2329 906 2395; x_wconf 88' lang='lat' dir='ltr'><strong>qui</strong></span> <span class='ocrx_word' id='word_1_253' title='bbox 916 2341 969 2379; x_wconf 86' lang='lat' dir='ltr'><strong>noa</strong></span> 
     </span>
     <span class='ocr_line' id='line_1_33' title="bbox 161 2394 969 2463; baseline 0 -16"><span class='ocrx_word' id='word_1_254' title='bbox 161 2398 246 2447; x_wconf 88' lang='lat' dir='ltr'><strong>modo</strong></span> <span class='ocrx_word' id='word_1_255' title='bbox 258 2398 327 2463; x_wconf 78' lang='lat' dir='ltr'><strong>ipsis</strong></span> <span class='ocrx_word' id='word_1_256' title='bbox 338 2396 493 2459; x_wconf 85' lang='lat' dir='ltr'><strong>utilissimi,</strong></span> <span class='ocrx_word' id='word_1_257' title='bbox 503 2398 528 2449; x_wconf 89' lang='lat' dir='ltr'><strong>si</strong></span> <span class='ocrx_word' id='word_1_258' title='bbox 537 2396 681 2458; x_wconf 77' lang='lat' dir='ltr'><strong>vixissent,</strong></span> <span class='ocrx_word' id='word_1_259' title='bbox 692 2394 742 2449; x_wconf 85' lang='lat' dir='ltr'><strong>sed</strong></span> <span class='ocrx_word' id='word_1_260' title='bbox 751 2412 842 2463; x_wconf 88' lang='lat' dir='ltr'><strong>paene</strong></span> <span class='ocrx_word' id='word_1_261' title='bbox 853 2398 910 2449; x_wconf 88' lang='lat' dir='ltr'><strong>soli</strong></span> <span class='ocrx_word' id='word_1_262' title='bbox 919 2398 969 2448; x_wconf 83' lang='lat' dir='ltr'><strong>uti·</strong></span> 
     </span>
     <span class='ocr_line' id='line_1_34' title="bbox 127 2464 968 2533; baseline 0.005 -19"><span class='ocrx_word' id='word_1_263' title='bbox 127 2493 131 2498; x_wconf 90' lang='lat'><em>-</em></span> <span class='ocrx_word' id='word_1_264' title='bbox 161 2464 204 2516; x_wconf 85' lang='lat' dir='ltr'><strong>lea</strong></span> <span class='ocrx_word' id='word_1_265' title='bbox 223 2481 255 2516; x_wconf 86' lang='lat' dir='ltr'><strong>ac</strong></span> <span class='ocrx_word' id='word_1_266' title='bbox 271 2468 387 2519; x_wconf 85' lang='lat' dir='ltr'><strong>iucundi</strong></span> <span class='ocrx_word' id='word_1_267' title='bbox 403 2482 464 2519; x_wconf 88' lang='lat' dir='ltr'><strong>esse</strong></span> <span class='ocrx_word' id='word_1_268' title='bbox 480 2467 647 2533; x_wconf 87' lang='lat' dir='ltr'><strong>potuissent.</strong></span> <span class='ocrx_word' id='word_1_269' title='bbox 688 2465 765 2530; x_wconf 72' lang='lat' dir='ltr'><strong>Quid</strong></span> <span class='ocrx_word' id='word_1_270' title='bbox 781 2466 856 2518; x_wconf 82' lang='lat' dir='ltr'><strong>enim</strong></span> <span class='ocrx_word' id='word_1_271' title='bbox 873 2467 968 2519; x_wconf 84' lang='lat' dir='ltr'><strong>utilius</strong></span> 
     </span>
     <span class='ocr_line' id='line_1_35' title="bbox 161 2532 967 2599; baseline 0.006 -17"><span class='ocrx_word' id='word_1_272' title='bbox 161 2532 239 2583; x_wconf 81' lang='lat' dir='ltr'><strong>filiol</strong></span> <span class='ocrx_word' id='word_1_273' title='bbox 260 2534 327 2599; x_wconf 84' lang='lat' dir='ltr'><strong>quid</strong></span> <span class='ocrx_word' id='word_1_274' title='bbox 343 2536 489 2589; x_wconf 81' lang='lat' dir='ltr'><strong>iucundius</strong></span> <span class='ocrx_word' id='word_1_275' title='bbox 504 2535 606 2587; x_wconf 84' lang='lat' dir='ltr'><strong>unieol</strong></span> <span class='ocrx_word' id='word_1_276' title='bbox 638 2538 673 2588; x_wconf 85' lang='lat' dir='ltr'><strong>At</strong></span> <span class='ocrx_word' id='word_1_277' title='bbox 688 2537 791 2599; x_wconf 84' lang='lat' dir='ltr'><strong>lilium,</strong></span> <span class='ocrx_word' id='word_1_278' title='bbox 812 2543 843 2592; x_wconf 77' lang='lat' dir='ltr'><strong>et</strong></span> <span class='ocrx_word' id='word_1_279' title='bbox 857 2536 967 2590; x_wconf 74' lang='lat' dir='ltr'><strong>unicum</strong></span> 
     </span>
     <span class='ocr_line' id='line_1_36' title="bbox 162 2598 966 2675; baseline 0.004 -22"><span class='ocrx_word' id='word_1_280' title='bbox 162 2598 195 2660; x_wconf 77' lang='lat' dir='ltr'><strong>Q·</strong></span> <span class='ocrx_word' id='word_1_281' title='bbox 211 2599 330 2666; x_wconf 83' lang='lat' dir='ltr'><strong>Fabius;</strong></span> <span class='ocrx_word' id='word_1_282' title='bbox 344 2611 492 2671; x_wconf 85' lang='lat' dir='ltr'><strong>praeterea</strong></span> <span class='ocrx_word' id='word_1_283' title='bbox 503 2606 697 2669; x_wconf 68' lang='lat' dir='ltr'><strong>Consularem,</strong></span> <span class='ocrx_word' id='word_1_284' title='bbox 716 2606 764 2675; x_wconf 90' lang='lat' dir='ltr'><strong>qui</strong></span> <span class='ocrx_word' id='word_1_285' title='bbox 780 2606 838 2657; x_wconf 82' lang='lat' dir='ltr'><strong>ianr</strong></span> <span class='ocrx_word' id='word_1_286' title='bbox 854 2620 966 2672; x_wconf 76' lang='lat' dir='ltr'><strong>niagnar</strong></span> 
     </span>
     <span class='ocr_line' id='line_1_37' title="bbox 160 2674 964 2745; baseline 0.012 -28"><span class='ocrx_word' id='word_1_287' title='bbox 160 2680 206 2719; x_wconf 84' lang='lat' dir='ltr'><strong>res</strong></span> <span class='ocrx_word' id='word_1_288' title='bbox 215 2683 341 2737; x_wconf 78' lang='lat' dir='ltr'><strong>gesserat</strong></span> <span class='ocrx_word' id='word_1_289' title='bbox 352 2680 380 2728; x_wconf 83' lang='lat' dir='ltr'><strong>et</strong></span> <span class='ocrx_word' id='word_1_290' title='bbox 391 2674 512 2729; x_wconf 78' lang='lat' dir='ltr'><strong>maiores</strong></span> <span class='ocrx_word' id='word_1_291' title='bbox 525 2676 680 2745; x_wconf 77' lang='lat' dir='ltr'><strong>cogitabat,</strong></span> <span class='ocrx_word' id='word_1_292' title='bbox 689 2676 794 2731; x_wconf 82' lang='lat' dir='ltr'><strong>amisit.</strong></span> <span class='ocrx_word' id='word_1_293' title='bbox 815 2675 915 2745; x_wconf 78' lang='lat' dir='ltr'><strong>Neque</strong></span> <span class='ocrx_word' id='word_1_294' title='bbox 926 2689 964 2728; x_wconf 84' lang='lat' dir='ltr'><strong>so·</strong></span> 
     </span>
    </p>
   </div>
   <div class='ocr_carea' id='block_1_17' title="bbox 0 0 1046 3025">
    <p class='ocr_par' dir='ltr' id='par_1_17' title="bbox 0 0 1046 3025">
     <span class='ocr_line' id='line_1_38' title="bbox 0 0 1046 3025; baseline 0 0"><span class='ocrx_word' id='word_1_295' title='bbox 0 0 1046 3025; x_wconf 95' lang='lat' dir='ltr'><strong> </strong></span> 
     </span>
    </p>
   </div>
  </div>
 </body>
</html>
