2084 3025
180 144 224 199 ΙΝ
246 144 471 219 EXSILIUM..
505 141 703 206 cnossi
795 148 848 204 421

50 265 164 305 eruorem
174 250 300 302 nonsum
311 265 409 319 passus
422 250 555 304 abstrahi.
570 253 642 304 Num
657 255 847 323 igiturpotest

47 322 114 384 lieri,
126 321 297 373 odientibus
308 327 340 371 ut
352 322 582 388 recipier‚quum,
591 340 607 373 a
619 325 719 390 quibus
731 324 848 376 debeam

46 392 161 455 retineri,
172 391 469 443 reiicereinstituantl
480 391 558 443 Socii
569 408 622 458 quo
633 393 751 461 fugiant,
759 409 847 462 quino

47 461 132 513 editus
143 461 250 512 custodi
264 463 373 528 petrice
384 462 546 527 praeclusus
558 463 611 513 siti
623 462 770 524 Quomodo
782 478 846 530 spes

45 530 268 597 salutisreliquis,
274 531 420 594 residebit,
432 547 516 599 quum
529 533 638 583 civibus
650 533 795 601 praeclusa
806 532 846 583 sit

46 601 211 667 exspectatio
235 601 456 652 incolumitatisi
474 601 535 655 Pax
553 609 581 655 et
593 602 744 655 eoncordia
755 610 845 654 extra·

40 673 102 723 neis
113 671 245 738 gignetun
255 685 338 738 quum
349 671 404 722 iem
415 671 577 724 domesticis
589 687 648 723 non*
654 671 784 734 insideat,
796 673 846 723 sed

43 740 149 808 publice
159 739 318 807 providenti
328 742 482 808 eripiatur?
517 739 561 794 10.
571 742 644 794 Num
656 741 721 809 quid
732 756 785 810 ego
796 741 846 791 im-

42 810 275 878 proborumtncte
284 825 415 864 renovem
427 811 569 874 erutione,
588 819 620 863 ut
630 811 846 879 redintegratio·

38 897 76 931 ne
86 879 159 930 illius
168 881 372 932 coniurationis
380 881 643 946 unimosrulnerem
651 881 777 935 vestrm?
792 883 847 932 Au·

39 950 136 1002 uilium
148 950 182 1001 uli
194 951 293 1002 olienis
304 949 479 1021 efflagitebo,
501 967 584 1019 quum
596 952 669 1005 cives
680 957 789 1003 vestros
800 950 846 1002 ‹le-

37 1019 155 1072 serotisl
175 1018 321 1073 Sociorum
333 1021 463 1073 invocem
472 1022 637 1086 subsidium,
660 1037 743 1090 quum
754 1036 771 1071 a
782 1021 847 1071 ciri-

36 1086 90 1141 lius
107 1089 287 1143 interclusum
302 1090 341 1141 sit
355 1090 545 1158 praesidium
566 1095 655 1156 Quam
676 1091 768 1143 colere
780 1105 848 1157 gen·

36 1164 96 1210 tem
105 1173 176 1213 nune
185 1159 351 1210 instituant
371 1167 461 1211 utrum
475 1169 507 1212 ut
518 1169 614 1212 custos
626 1160 757 1227 accipiar,
768 1176 802 1210 an
816 1166 848 1209 ut

35 1227 166 1296 proditor
186 1227 338 1281 excludar?
360 1228 390 1282 Si
412 1235 445 1281 ut
464 1236 659 1283 conservetur:
679 1236 774 1282 restro
792 1230 847 1280 crit

35 1298 198 1366 ignominie
214 1297 263 1350 Sin
274 1304 306 1350 ut
317 1306 510 1367 oppugnator:
519 1300 846 1368 praecisaeruntemnin.

35 1369 135 1434 ltaque
146 1367 221 1434 quod
231 1368 328 1434 putavi
340 1369 401 1422 lore
411 1371 555 1438 gaudium,
562 1371 592 1421 id
603 1370 847 1423 exstititexitium.

36 1434 81 1489 11.
102 1436 139 1499 Sl,
162 1438 295 1501 Quirites,
306 1439 435 1493 eumdem
448 1441 477 1490 in
486 1446 645 1492 ceterorum
656 1438 789 1507 periculis
800 1439 849 1489 ho·

34 1508 165 1578 heremus
177 1509 309 1571 animum,
331 1524 410 1576 quesn
423 1509 452 1559 in
462 1510 565 1562 nostris
577 1509 799 1572 difficultatibus,
819 1519 849 1562 et

32 1592 88 1646 pro
98 1578 325 1631 innocentissimo
337 1595 447 1647 quoque
458 1594 651 1647 propugnare,
668 1590 697 1633 et
711 1579 849 1632 nocentis·

31 1648 135 1700 simum
144 1662 447 1716 quemqueoppognare
459 1650 726 1701 nobisutilissimum
735 1666 797 1703 esse
807 1666 850 1701 er·

29 1718 222 1780 bitrurcmur,
239 1724 269 1770 et
284 1718 309 1769 si
327 1735 391 1771 cum
401 1719 506 1786 optimi
515 1720 650 1787 cuiusque·
658 1720 741 1772 rebus
752 1721 849 1771 adrer-
913 1772 917 1775 ,

31 1790 75 1841 sis
90 1794 219 1840 nestram
236 1788 366 1850 salutem,
388 1804 449 1840 eum
473 1788 689 1841 deterrimorum
705 1788 850 1840 hominum

30 1857 172 1910 secundis·
184 1863 282 1908 nostra
296 1858 422 1924 pericula
439 1867 601 1923 putaremus
614 1859 774 1912 coniuncto:
796 1857 850 1911 fre·

30 1933 163 1996 quentes‘
174 1925 304 1993 profecto
320 1927 423 1977 talibus
441 1928 593 1979 conatibus
601 1929 713 1981 ebrium
725 1930 767 1982 ire
779 1930 855 1980 nite·

27 2012 143 2050 remur:
165 2012 254 2063 neque
264 1996 365 2063 purtim
374 1995 538 2049 innocentie
551 1996 633 2060 freti,
651 2001 754 2066 partim
771 2000 850 2050 nobi·

27 2066 204 2129 litotenixi,
229 2066 333 2133 partim
350 2068 479 2132 potentia
498 2083 532 2119 oe
550 2068 733 2126 multitudine
746 2070 851 2120 amieo-

27 2153 94 2189 rum
106 2137 187 2197 sulti,
199 2150 281 2203 quum
295 2136 431 2202 perfacile
442 2137 666 2190 existimaremus
679 2139 853 2191 adversario-

27 2222 93 2259 rum
114 2207 172 2257 rim
193 2220 226 2257 oe
241 2204 394 2256 tectionem
406 2223 423 2257 a
434 2208 514 2258 nobis
526 2207 627 2274 repelli
637 2224 734 2275 posse,
756 2209 850 2259 subito

27 2277 87 2343 ipsi
110 2276 200 2327 simili
220 2276 345 2346 periculo
365 2277 562 2340 circumventi,
583 2278 612 2327 in
632 2284 730 2329 nostro
749 2285 850 2330 eventu

27 2347 154 2398 aliorum
166 2346 378 2398 reminiscentes
390 2360 486 2409 cusos,
505 2348 566 2398 iure
584 2346 613 2397 id
628 2347 710 2398 nobis
721 2348 850 2400 accidere

27 2414 224 2483 nequidquam
236 2430 424 2484 quereremur,
453 2414 487 2468 V.
499 2414 541 2468 12.
554 2417 624 2479 Quis
634 2418 708 2469 enim
721 2417 858 2481 essaei-1

27 2488 110 2549 rites,
133 2486 183 2552 qui
194 2501 274 2549 nune,
285 2502 370 2554 quum
380 2486 557 2538 inimieorum
569 2493 728 2538 nostrornm
740 2489 796 2539 rim
809 2496 850 2538 at-

27 2570 81 2624 pue
93 2555 263 2609 violentiam
275 2553 437 2625 perspiciet,⁴
450 2558 553 2625 quique
564 2562 689 2610 nestrum
700 2559 790 2626 ipsum
803 2572 849 2624 pr·

27 2625 270 2679 riculosissimum
289 2643 383 2678 casnm
399 2634 600 2695 recognoscet,
623 2629 737 2697 quinon
750 2628 849 2680 sibine

27 2694 85 2743 ruis
98 2689 217 2746 diffidet
228 2690 366 2750 fortunisl
388 2695 450 2759 Quo
463 2698 537 2751 enisu
549 2715 579 2755 se
591 2699 661 2756 satis
670 2706 764 2753 tutum
776 2698 851 2751 ariri?
