2084 3025
214 106 248 164 sc
392 90 637 162 osbertum
653 103 863 178 osonum!

214 211 464 279 omniaregantur‚
479 226 595 279 eamque
606 210 769 274 animalem,
786 209 907 265 ereiiere
917 225 954 266 ex
963 214 1025 267 ani·

214 282 267 333 mis
285 288 403 333 conatur
423 281 614 347 cognitionem
624 280 758 332 Deorum.
793 280 836 334 3³.
854 284 1025 337 Aristoteles

213 351 369 418 quoque'in
380 350 513 403 temiode
530 348 709 417 philosophia
724 350 799 402 libro
813 352 903 403 multa
917 347 1026 418 turbat,

215 435 233 472 a
252 421 390 487 magistro
409 419 528 471 Platone
548 421 604 471 non
625 419 804 472 dissentiens.
839 420 926 473 Modo
947 424 1026 474 eninr

212 490 303 541 menti
322 489 424 541 tribuit
437 503 554 543 omnem
573 488 763 558 divinitatem:
784 489 870 541 modo
889 492 1026 542 mundum

213 559 309 626 ipsum
318 558 410 610 Deum
420 558 490 609 dicit
502 573 576 609 esses
594 559 679 609 modo
690 558 836 625 quemdam
847 559 933 610 alium
943 575 1027 626 prae·

214 629 275 680 licit
284 628 404 691 mundo‚·
419 628 662 698 eique'easpartes
672 625 783 690 tribuit,
796 634 828 678 nt
837 629 1026 694 replicatione

215 697 337 766 quadarn
358 696 454 747 mundi
476 702 581 747 motum
602 693 683 764 regat
703 702 787 763 atque
805 701 931 749 tueatur:
961 705 1026 750 tum

214 767 287 834 ,cneii
300 767 428 818 ardorem
439 765 530 817 Deum
542 764 612 815 dicit
622 780 691 826 esse,
709 780 765 816 non
776 766 946 833 intelligens,
962 783 1025 819 cac·

148 833 157 844 “
215 837 274 889 lum
282 835 378 887 mundi
388 849 449 887 esse
458 839 576 900 partem,
588 848 668 900 quem
680 834 738 885 alio
749 834 813 886 loco
822 835 884 902 ipse
895 835 1025 904 designa-

214 907 254 972 rit
263 906 363 959 Deum.
399 902 547 964 Quomodo
559 909 653 954 autem
664 903 735 955 caeli
745 904 853 955 divinus
864 901 914 955 iile
925 920 1025 957 sensus

213 976 244 1027 io
256 976 402 1027 celeritate
414 979 496 1023 tanta
505 974 665 1024 conservari
675 974 787 1039 potest?
808 974 856 1025 ubi
866 973 966 1026 deinde
976 975 1024 1028 illi

213 1051 260 1097 tot
269 1045 328 1106 Dii,
345 1044 371 1095 si
381 1056 557 1093 numeramus
569 1043 655 1098 etiarn
668 1043 774 1094 caelum
785 1041 894 1094 Deumi
929 1047 1023 1109 Quum

214 1119 310 1167 autem
321 1114 382 1164 sine
392 1125 508 1178 corpore
518 1110 593 1162 idem
603 1113 664 1168 nult
674 1128 736 1165 esse
746 1111 844 1174 Deum,
855 1112 929 1162 omni
940 1114 1023 1166 illurn

214 1197 297 1235 sensu
308 1183 402 1249 privat
415 1187 445 1233 et
465 1182 622 1247 prudentia.
660 1182 721 1243 Quo
741 1195 824 1247 porro
840 1181 923 1233 modo
943 1197 1023 1235 mun·

215 1253 279 1305 durn
292 1266 413 1313 movere,
430 1263 527 1303 carens
538 1265 668 1320 corpore3
689 1255 736 1303 aut
748 1250 896 1316 quomodo,
910 1267 1023 1320 semper

214 1338 244 1375 se
255 1336 381 1385 movens,
401 1336 461 1373 esse
476 1322 586 1388 quietus
598 1319 629 1374 'et
640 1318 739 1373 beatus
754 1320 864 1385 potest!
899 1320 942 1373 34.
960 1322 1023 1374 Nec

213 1406 282 1444 vero
300 1391 361 1441 eius
382 1390 590 1458 condiscipulus
606 1389 777 1460 Xenocrates
796 1388 898 1444 inhoc
918 1406 1022 1459 genere

212 1460 390 1531 prudentior:
411 1461 439 1510 in
455 1460 532 1514 cuins
547 1462 640 1524 libris,
654 1460 708 1527 ‘qui
716 1460 782 1509 sunt
793 1459 826 1514 dc
836 1466 937 1514 natura
945 1460 1022 1515 oee-

212 1544 283 1594 rum,
306 1530 383 1581 nulls
401 1533 509 1599 species
528 1533 623 1584 divina
642 1528 817 1585 describitur.
851 1531 928 1584 Deos
945 1533 1021 1583 eninr

214 1608 279 1654 octo
291 1616 352 1653 esse
364 1600 445 1653 dicits
468 1603 589 1669 quinque
600 1615 662 1662 eos,
681 1598 768 1667 quiin
779 1599 870 1652 stellis
882 1602 961 1668 ragis
971 1617 1020 1662 no·

212 1672 366 1724 minantur:
386 1687 484 1735 unum,
496 1672 544 1738 qui
556 1684 590 1723 ex
601 1669 728 1720 omnibus
739 1667 887 1734 sideribus,
899 1686 969 1737 quoe
977 1670 1020 1721 in·

211 1739 269 1793 fixa
279 1739 357 1792 caelo
369 1748 447 1805 sunt,
469 1756 504 1793 ex
514 1739 648 1805 dispersis
660 1739 740 1807 quasi
755 1741 887 1792 membris
897 1739 1018 1806 simplex

210 1811 249 1862 sit
259 1810 398 1879 putandus
409 1812 499 1862 Deus:
510 1809 668 1875 septimum,
679 1806 772 1860 Solem
784 1807 924 1880 adiungit:
941 1816 1019 1860 octo·

209 1892 336 1947 samque,
357 1881 481 1932 imnum:
502 1878 553 1944 qui
567 1874 623 1944 ‘qim
638 1892 721 1928 sensu
734 1877 811 1930 beati
827 1894 888 1931 esse
898 1878 1017 1945 possint,

210 1950 331 2018 intelligi
342 1966 396 2001 non
407 1950 509 2016 petest.
539 1947 582 1996 Ex
592 1945 828 1999 eademPlatonis
839 1947 935 2000 schola
945 1946 1017 1999 Pon-

208 2021 282 2072 tieus
292 2018 458 2075 Heraclides
477 2016 632 2084 puerilibus
653 2015 758 2068 fabulis
778 2015 894 2070 refersit
911 2017 1015 2069 librosz

209 2089 261 2159 [ot]
273 2097 332 2141 tum
343 2086 486 2149 mundum,
507 2090 699 2139 temnentem
712 2087 834 2139 divinam
845 2102 906 2139 esse
919 2092 1014 2155 putat:

209 2159 367 2214 errantibus
378 2156 463 2208 etiam
474 2155 748 2209 stellisdivinitatem
758 2157 866 2219 tribuit,
877 2170 1016 2224 sensuque

207 2228 299 2281 Deum
315 2227 416 2293 privat,
436 2226 538 2277 eteius
559 2225 676 2279 formam
691 2225 854 2278 mutabilem
865 2226 1014 2278 esserum:

209 2296 361 2364 codemque
372 2295 401 2345 in
412 2294 485 2348 libro
495 2311 592 2347 rursus
607 2302 710 2348 terram
723 2300 751 2348 et
762 2294 870 2348 caelum
884 2294 975 2347 refert
984 2297 1015 2349 iu

207 2366 293 2420 Deos.
329 2362 370 2415 35.
384 2364 444 2417 Nee
453 2381 519 2419 vero
531 2364 718 2432 Theophrasti
728 2364 915 2416 inconstantia
925 2365 1016 2419 feren·

209 2435 246 2487 da
257 2437 307 2486 est.
344 2432 431 2485 Modo
443 2438 516 2492 enim
529 2437 617 2487 munti
631 2435 754 2486 divinum
764 2433 865 2487 tribuit
877 2438 1016 2505 principo-

205 2502 644 2564 tum3rnodocaelo=tumautem
654 2503 743 2572 signis
753 2503 1016 2572 sideribusquecao·

208 2571 335 2625 lestibus.
371 2575 430 2628 Nec
443 2575 598 2629 audiendus
609 2571 792 2639 eiuspuditor
802 2571 907 2637 Strato3
927 2575 1017 2645 isqui

208 2636 341 2707 physicus
351 2646 520 2712 appellatur:
541 2646 590 2714 qui
601 2652 710 2725 ornnem
720 2642 777 2695 rim
788 2640 912 2696 divinam
926 2644 958 2697 in
968 2662 1016 2698 na·
