2084 3025
162 260 278 329 fueinm,
298 264 584 331 viderintsapientcs}
604 263 654 316 sed
665 269 739 316 certe
750 262 881 315 mentiar.
909 260 976 331 illo-1

162 337 326 399 mercum,
346 337 398 387 tali
413 336 501 386 enrico
519 336 648 396 orbatus,
669 334 772 400 qualis,
792 339 822 384 ut
838 333 970 394 arbitror,

164 423 244 461 nemo
260 422 388 473 umquam
404 407 471 467 erit3
495 411 536 466 et,
559 412 590 455 ut
606 406 768 473 confirmare
778 418 906 471 possum,
926 419 971 454 ne·

163 494 209 530 mo
221 483 296 529 certe
309 475 371 528 fuit.
395 475 449 528 Sed
461 482 516 525 non'
528 489 597 542 egeo
609 475 758 527 medicina:
779 490 824 524 me
835 475 896 539 ipse
907 488 972 524 con·

163 549 253 610 solor‚
274 552 303 598 et
313 547 434 598 maxime
444 546 494 598 illo
505 546 622 607 solatio,
642 545 715 611 quod
727 561 760 595 eo
771 559 867 595 errore
879 558 970 603 carco,

164 634 227 686 quo,
239 618 392 669 amicorum
404 616 527 677 decessu,
539 615 665 683 plerique
676 615 740 681 angi
752 614 854 673 solent.
892 611 972 664 Nihil

163 690 237 742 enim
249 688 316 738 mali
328 686 463 738 accidisse
474 685 599 751 Scipioni
610 691 687 750 puto.
722 682 794 734 Mihi
808 682 928 745 accidit,
947 682 974 733 si

165 759 231 826 quid
244 757 354 811 eccidit,
389 754 556 821 Suis-autem
568 755 754 805 incommodis
766 753 974 822 graviterangi‚

164 845 219 879 non
231 828 357 889 amicum,
369 826 417 893 sed
428 827 549 891 seipsum
560 825 680 877 amantis
692 829 743 876 cst.
782 820 823 874 11.
841 825 910 873 Cum
922 822 973 872 illo

164 913 231 950 vero
252 898 314 963 quis
335 903 419 962 neget
438 903 530 947 actum
551 911 613 947 esse
628 893 788 961 praeclaret
809 892 874 943 Nisi
890 892 973 960 enim,

166 967 239 1035 quod
260 966 310 1018 ille
324 968 437 1020 minime
458 965 591 1032 putabat,
613 964 856 1016 immortalitatem
874 968 974 1028 optare

164 1037 265 1098 vellet,
287 1037 353 1103 quid
366 1051 419 1086 non
432 1042 473 1087 est
484 1032 616 1101 adeptus,
634 1035 709 1102 quod
727 1033 834 1084 homini
844 1032 888 1083 fas
899 1039 975 1084 esset

117 1100 125 1115 '
166 1105 279 1173 optaret
301 1106 348 1174 qui
359 1121 495 1156 summam
505 1121 584 1171 spem
596 1105 706 1167 civium,
729 1120 812 1171 quern
824 1102 859 1154 de
870 1118 903 1154 eo
916 1103 975 1157 iam

164 1191 250 1243 puero
262 1174 424 1237 habuerant,
433 1176 564 1226 continuo
577 1175 739 1227 adolescens
750 1173 911 1226 incredibili
921 1173 976 1223 vir·

164 1251 226 1297 tute
246 1247 404 1310 superavit:
428 1247 475 1312 qui
491 1246 674 1309 Consulatum
693 1245 794 1312 petivit
809 1258 974 1310 numquam3

103 1362 109 1365 ,
164 1317 255 1368 factus
266 1322 308 1367 est
320 1316 424 1366 Consul
434 1316 489 1380 bis:
511 1316 630 1381 primum
646 1323 710 1367 ante
725 1321 849 1382 tcnepus3
872 1315 976 1363 iterum

166 1387 431 1452 sibisuottemporm
451 1383 623 1450 reipublicae
635 1401 722 1452 paene
733 1401 809 1436 sero:
831 1384 888 1450 qui,
908 1383 975 1434 dua·

165 1457 216 1509 bus
229 1457 344 1507 urbibus
356 1456 468 1519 eversis,
489 1456 689 1507 inimicissimis
700 1455 765 1506 huic
774 1455 903 1522 imperio,
920 1468 975 1503 non

166 1528 249 1579 modo
264 1528 437 1593 praesentia,
460 1542 556 1578 verum
573 1528 656 1578 etiam
668 1527 850 1578 iuturabella
861 1524 977 1575 delevit.

167 1598 240 1659 Quid
252 1598 342 1649 dicam
355 1598 388 1649 de
400 1597 525 1647 moribus
536 1595 697 1647 facillimisl
716 1596 750 1647 dc
762 1596 869 1663 pietate
881 1595 910 1644 in
921 1609 979 1644 ma·

167 1668 256 1720 tremi
277 1668 448 1719 liberalitate
459 1667 488 1717 in
500 1667 630 1719 sorores‘.l
649 1665 777 1717 bonitate
793 1668 821 1716 iu
832 1664 917 1715 suosl
937 1663 978 1714 iu·

169 1738 248 1788 stitia
262 1738 290 1787 in
304 1738 415 1789 omnesl
435 1736 511 1788 Nota
527 1744 591 1788 sunt
602 1737 691 1788 robis.
728 1739 819 1800 Quam
835 1741 931 1786 autem
943 1733 980 1784 ci·

168 1808 250 1857 vitati
266 1823 345 1857 carus
366 1807 463 1870 fucrit,
485 1823 612 1859 maerore
631 1806 736 1858 funeris
755 1806 911 1856 indicatum
928 1809 979 1856 est.

169 1876 243 1937 Quid
254 1877 339 1943 igitur
349 1876 421 1928 hunc
436 1892 587 1943 paucorum
599 1891 733 1927 annorum
744 1876 869 1928 accessio
883 1874 981 1926 iuvare

167 1946 325 2013 potuissctl
346 1946 478 1998 Senectus
491 1948 563 1997 enim
575 1947 699 2014 quamvis
711 1946 813 1997 nonsit
823 1945 930 2013 gravis,
947 1950 981 1994 ut

168 2015 281 2067 memini
293 2018 425 2068 Catonem
439 2031 515 2079 anno*
525 2024 598 2079 ante,
615 2031 702 2083 ‚quam
713 2022 840 2066 mortuus
854 2021 907 2076 est,
924 2028 981 2065 me·

169 2101 230 2138 cum
242 2090 271 2136 et
285 2101 345 2135 eum
356 2083 483 2151 Scipione
494 2085 640 2148 disserere,
652 2093 746 2137 tamen
758 2084 853 2137 aufert
867 2100 930 2136 eam
940 2084 981 2135 vi·

167 2154 319 2215 riditatem,
333 2156 360 2204 in
375 2170 429 2221 qua
441 2156 592 2207 etiamnum
604 2162 665 2207 erat
677 2155 780 2223 Scipio.
818 2153 861 2207 12.
873 2154 980 2215 Quant-

169 2226 264 2276 obrcm
276 2224 335 2274 vita
347 2224 456 2291 quidem
468 2225 535 2276 talis
546 2225 608 2286 luit,
624 2226 669 2277 vel
680 2223 803 2286 fortuna,
819 2223 866 2276 vel
877 2224 981 2291 gloria,

168 2299 201 2344 ut
215 2291 285 2343 nihil
299 2300 398 2360 posset
414 2295 555 2362 accedere.
591 2294 732 2346 Moricndi
750 2300 846 2346 autem
865 2308 981 2345 sensum

169 2363 297 2414 celeritas
309 2364 433 2414 abstulit.
471 2363 580 2424 Quodc
590 2380 691 2432 genere
701 2364 801 2416 mortis
813 2363 929 2416 difficile
941 2363 983 2413 di·

120 2460 137 2480 -.
170 2437 216 2481 ctu
228 2438 283 2503 est:
307 2432 371 2499 quid
384 2431 509 2485 homines
521 2433 825 2502 suspicentur,{videtis.
863 2435 929 2485 Hoc
940 2438 983 2484 ta·

168 2514 230 2552 men
242 2516 307 2552 vere
323 2501 390 2553 licet
407 2502 511 2574 dicere,
532 2502 562 2554 P.
574 2503 700 2571 Scipioni
715 2503 858 2556 exmultis
870 2502 981 2565 diebus,

169 2583 237 2632 quos
248 2570 277 2619 in
288 2571 348 2621 uita
359 2572 556 2623 celeberrimos
568 2574 794 2639 laetissimosque
806 2572 926 2634 viderit,
946 2571 983 2622 il·

159 2634 227 2686 ,lum
241 2636 314 2688 diem
326 2640 510 2691 clarissimum
522 2639 627 2705 fuisse,
645 2658 743 2711 quum,
762 2642 868 2695 Senatu
881 2641 983 2693 dimis-

169 2716 209 2766 so,
225 2704 336 2760 domum
345 2708 477 2762 reductus
488 2709 525 2763 ad
535 2728 681 2783 vesperum
692 2719 735 2771 esi
745 2712 901 2771 al'attibus
912 2725 981 2765 cou-
