2084 3025
169 129 224 189 rto
351 127 408 183 uu
425 100 598 185 urruns
615 126 797 181 uranum

168 237 336 302 tempestate
346 233 440 285 timidi
451 239 480 285 et
489 231 641 300 perterriti,
658 233 792 296 dicerent,
807 248 864 286 non
875 234 983 289 iniuria

169 304 225 357 sihi
235 303 306 355 illud
316 303 451 366 accidere,
469 305 518 371 qui
527 303 607 354 illum
616 303 646 353 in
655 303 783 355 eamdem
794 319 894 356 navem
904 319 983 358 rece·

90 436 92 439 Ι
127 369 130 375 '
167 375 288 442 pinsant:
311 373 434 424 ostendit
445 372 637 426 eisineodem
648 389 730 424 cursu
740 374 843 425 multas
854 374 930 425 alias
939 375 982 427 la·

171 445 313 505 herentes,
324 443 526 512 quaesivitque,
536 460 600 495 num
607 444 692 494 ctiam
703 444 733 496 in
742 443 778 494 iis
789 444 906 495 navibus
913 444 984 496 Dia·
1006 476 1008 480 -

172 528 270 582 goram
280 511 344 564 vehi
355 512 510 566 crederent.
547 513 594 566 Sic
604 515 677 567 enim
687 530 718 583 se
728 529 774 565 res
784 510 882 576 habet,
899 520 935 565 ut
945 513 988 566 ad

173 597 336 652 prosperam
363 583 543 636 adversamve
564 584 719 648 fortunam,
748 583 839 652 qualis
862 584 902 635 sis
932 589 989 651 aut

173 651 406 721 quemadmodum
417 653 533 717 vixeris,
552 653 624 707 nihil
634 654 753 706 intersit.
790 654 834 713 90.
850 653 914 706 Non
926 656 988 705 nni·

172 722 363 785 madvertunt,
383 723 487 790 inquit,
509 725 605 775 omnia
619 724 680 775 Dii:
702 739 737 775 nc
751 723 843 790 Reges
859 723 987 792 quinem.

152 818 156 827 ι
175 792 305 855 Quidest
320 793 428 845 similet
448 794 540 863 Reges
551 795 625 846 enim
636 796 660 844 si
676 794 797 845 scientes
809 793 989 860 praetermit-

172 868 355 932 tunt,magna
365 863 509 931 culpalest.
546 866 582 915 At
592 863 653 916 Deo
665 880 700 915 ne
712 864 856 915 excusatio
868 862 988 929 quidem

174 939 218 985 est
229 934 402 987 inscientiae.
438 932 593 986 XXXVIII.
617 935 707 997 Quem
721 948 771 984 vos
781 933 926 999 praeclare
935 932 988 984 de-

173 1001 304 1071 funditis,
326 1018 410 1069 quum
430 1003 533 1066 dicitis,
554 1019 616 1057 earu
628 1004 686 1053 vim
700 1001 827 1053 Deorum
847 1017 923 1065 esse,
942 1008 989 1067 ut,

151 1108 153 1111 .
173 1072 258 1124 etiam
274 1073 370 1139 siquis
382 1078 472 1125 morte
487 1089 592 1140 poenas
607 1073 721 1126 sceleris
732 1071 877 1138 effugerit,
898 1086 987 1138 expe·

126 1194 132 1203 y,
171 1146 268 1193 tantur
278 1156 328 1193 eae
339 1156 444 1209 poenae
458 1159 475 1193 a
486 1143 594 1203 liberis,
615 1143 803 1205 enepotihus,
822 1159 840 1194 a
850 1142 995 1208 parterm,

172 1210 308 1263 Omiram
323 1212 494 1279 aequitatem
504 1208 641 1262 Deorum!
661 1209 685 1259 F
686 1215 796 1261 erretne
811 1212 872 1262 ulla
882 1213 986 1263 civitas

171 1281 292 1332 latorem
311 1279 471 1331 istiusmodi
490 1279 574 1348 legis,
604 1286 637 1329 ut
658 1278 890 1333 condemnaretur
906 1282 989 1335 tilius

173 1357 221 1403 aut
233 1363 326 1416 nepos,
336 1349 361 1400 si
370 1355 451 1415 pater
461 1354 510 1401 aut
520 1365 589 1401 avus
600 1348 784 1415 deliquisset?

209 1419 327 1485 Quinam
342 1417 553 1473 Tantalidarum
563 1418 746 1472 internecioni
754 1421 848 1473 modus

207 1490 349 1545 Paretur?
366 1499 416 1544 ant
427 1505 560 1560 quaenam
570 1488 696 1557 nimquam
705 1489 737 1541 al
747 1499 860 1548 mortem
870 1485 990 1562 Mgirtili

184 1567 188 1574 “
210 1561 310 1619 Poenis
322 1560 426 1616 luendis
436 1560 549 1614 dabitur
558 1559 646 1612 satim
657 1558 799 1627 supplicii?

175 1628 219 1686 u1.
229 1632 329 1686 Utrum
339 1639 441 1701 poetae
453 1631 565 1684 Stoicos
576 1630 764 1696 depravarint,
774 1646 809 1684 an
819 1630 908 1684 Stoici
919 1646 990 1699 poe·

175 1701 214 1755 tis
225 1702 352 1756 dederint
363 1703 573 1765 auctoritatem,
590 1716 647 1751 non
656 1698 741 1751 facile
753 1699 882 1754 dixerimr
917 1702 990 1754 Por-

175 1777 256 1824 tenta
269 1772 341 1825 enim
357 1779 385 1823 et
401 1770 510 1839 flagitia
525 1772 560 1823 ab
575 1771 701 1836 utrisque
712 1770 849 1823 dicuntur.
885 1771 989 1839 Neque

177 1842 260 1902 enim,
271 1856 352 1908 quem
364 1841 550 1908 Hipponactis
560 1840 668 1892 iambus
674 1840 804 1903 laeserat,
816 1842 917 1909 antqui
923 1847 990 1893 erat

164 1910 336 1963 -Archilochi
346 1923 428 1962 versu
443 1911 619 1973 vulneratus,
641 1927 658 1962 a
667 1910 729 1962 Deo
740 1911 895 1964 inimissum
906 1911 990 1963 dolo·

174 1996 243 2043 rem,
253 1995 308 2031 non
318 1987 481 2048 conceptum
493 1997 549 2033 ase
558 1981 628 2049 ipso,
642 1979 814 2033 continebat:
829 1997 889 2046 nec,
900 1977 988 2049 quum

175 2048 301 2118 Aegisthi
310 2050 465 2115 libidinem,
475 2058 525 2105 aut
534 2066 618 2119 quum
628 2051 739 2103 Paridis
750 2050 885 2114 videmus,
896 2068 914 2104 a
922 2051 988 2105 Deo

177 2136 304 2173 caussam
318 2122 497 2189 requirimus,
517 2137 601 2190 quum
617 2122 717 2188 eulpae
728 2135 816 2188 poene
829 2137 927 2173 vocem
939 2137 989 2174 au-

177 2190 297 2242 diamus:
309 2207 360 2243 nec
371 2208 424 2259 ego
434 2193 586 2244 multorum
597 2207 745 2259 aegrorum
756 2192 875 2244 salutem
886 2191 988 2244 nonab

175 2257 351 2328 Hippocrate
361 2263 468 2330 potius,
489 2279 572 2330 quam
583 2262 618 2315 uh
629 2262 796 2327 Aesculapio
809 2262 905 2313 datam
914 2261 988 2312 iudi-

177 2345 223 2381 co:
244 2345 295 2382 nec
313 2330 599 2384 Lacedaemoniorum
620 2331 795 2397 disciplinam
810 2331 909 2383 ,dicam
927 2346 989 2382 um·

177 2415 260 2467 quam
275 2402 311 2454 ab
320 2402 448 2467 Apolline
463 2403 559 2468 potius
575 2399 707 2468 Spartae,
726 2416 809 2467 quam
824 2401 988 2469 aLycurgo

63 2528 65 2532 .
145 2472 152 2508 (
177 2470 281 2524 datum.
319 2472 470 2533 Critolaus,
480 2472 601 2538 inquam,
613 2471 714 2523 evertit
725 2468 991 2536 corinthum3K2r·

96 2587 98 2591 ,
175 2539 320 2610 thaginem
330 2539 500 2610 Hasdrubal.
536 2540 577 2591 Hi
589 2540 645 2591 duo
660 2539 728 2596 illos
744 2540 841 2592 oculos
852 2555 920 2593 orae
931 2556 990 2593 rna·

175 2612 289 2666 ritinrae
301 2610 466 2672 effoderunt,
485 2624 543 2663 non
551 2611 642 2663 iratus
653 2609 756 2677 aliqui,
771 2625 860 2677 quem
871 2611 988 2663 omnino

145 2679 147 2684 ’
175 2679 354 2750 irasciposse
368 2679 492 2749 negatis,
509 2679 597 2734 Deus.
632 2679 762 2743 xxxix
780 2679 872 2734 tra-nt
886 2681 1005 2754 subve-
