2084 3025
166 128 218 212 aaa
341 164 345 173 ¹
382 157 444 212 nn
460 155 753 234 mvmnrmna

167 263 214 316 lae
224 262 253 314 in
263 261 493 331 iistinitimisque
504 263 631 330 partibus
645 244 702 315 sint
711 249 976 331 quoquetempore:
1033 242 1036 311 i

169 349 284 400 eamque
297 334 352 384 vim
363 335 439 386 varie
454 335 561 385 moveri
579 334 614 385 ab
629 335 663 385 iis
674 333 826 395 sideribus,
847 348 921 401 quae
932 348 979 382 ro·

171 410 271 461 eantur
281 404 411 454 errantia.
446 405 539 467 Quum
550 411 643 457 autem
653 404 682 455 in
693 419 756 456 eam
767 403 857 470 ipsam
869 410 981 470 partem

112 480 114 487 “
173 473 248 525 orbis
259 474 391 537 venerint,
402 473 431 523 in
444 489 499 540 qua
510 474 548 524 sit
557 475 710 536 ortuseius,
721 473 921 540 quinaseatur3
931 474 982 522 aut

172 543 203 594 in
212 558 282 604 eam,
291 558 363 610 quae
372 544 549 595 coniunctum
560 543 670 612 aliquid
680 542 791 605 habeat,
806 550 855 595 aut
867 554 983 594 consen·
1037 577 1039 607 ,

172 613 258 666 tiens:
273 616 319 676 (ea
328 613 470 680 triangula
480 611 710 681 illietquadrata
719 613 886 676 nominant.)
916 611 984 661 Ete-

171 683 230 735 nim
251 697 334 750 quum
353 685 531 750 temporum*
549 684 615 734 anni
635 688 888 751 tempestatumque
909 679 983 732 caeii

139 780 145 787 -
172 753 369 805 conversiones
381 755 667 822 commutationesque
677 759 775 805 tantae
786 754 854 804 fiant
867 766 984 803 accessu

172 822 319 874 stellarum
331 830 360 874 et
369 838 494 887 recessu3
506 838 644 892 quumque
656 839 690 875 ea
699 823 727 874 ri
737 823 806 875 solis
815 822 984 884 efficiantur,

173 907 245 961 quae
255 892 393 953 videmus:
405 909 461 945 non
471 894 622 945 verisimile
627 895 727 956 solum,
738 892 983 944 sedetiamrerum

173 978 235 1014 esse
245 969 365 1025 censent,
386 962 511 1031 perinde,
532 970 681 1031 utcumque
692 968 866 1029 temperatus
876 961 914 1012 sit
924 975 985 1022 aer,

173 1032 217 1084 ita
228 1047 329 1099 pueros
341 1033 464 1085 orientes
476 1032 596 1084 animari
607 1041 690 1099 atque
701 1033 826 1095 formari,
848 1047 882 1084 ex
892 1046 985 1098 eoque

172 1102 295 1169 ingenia,
311 1117 413 1164 mores,
429 1104 560 1164 animum,
571 1117 681 1169 corpus,
692 1103 831 1154 actionem
841 1101 927 1162 vitae,
939 1117 986 1151 ca·

173 1187 221 1223 sus
232 1171 366 1238 cuiusque
376 1177 546 1239 eventusque
557 1173 637 1239 fingi.
672 1172 771 1223 XLlli.
790 1172 835 1224 90.
846 1171 870 1222 Ο
882 1170 986 1223 delira-

173 1241 279 1295 tionem
290 1241 493 1293 incredibilem!
505 1241 569 1292 Non
579 1243 653 1293 enim
661 1242 754 1293 'onrnis
764 1256 845 1293 error
854 1239 984 1292 stultitia

173 1315 217 1363 cst
229 1309 355 1362 dicenda.
394 1311 503 1375 Quibus
514 1312 599 1363 etiam
609 1310 752 1378 Diogenes
763 1309 873 1362 Stoicus
884 1324 984 1362 conce·

174 1380 229 1442 dit,
251 1380 357 1446 oiiquid
372 1387 404 1433 ut
422 1382 585 1448 praedicere
599 1382 719 1448 possint,
742 1381 888 1433 dumtaxat
904 1378 985 1448 quali

126 1504 129 1511 ⁴
171 1450 292 1520 quisque
311 1457 420 1512 natura,
441 1449 524 1511 etad
546 1466 628 1520 quam
649 1452 764 1519 quisque
783 1450 905 1502 maxime
922 1465 985 1502 rem

113 1557 117 1568 ,
175 1527 257 1588 aptus
268 1520 380 1582 futurus
390 1522 437 1573 sit.
475 1523 584 1585 Cetera,
602 1537 673 1590 quae
684 1523 875 1588 profiteantur,
895 1526 987 1588 negat

175 1591 235 1644 ullo
247 1591 330 1642 modo
341 1607 423 1658 posse
434 1591 512 1644 seiri:
525 1590 626 1643 etenim
639 1593 814 1659 geminorum
824 1589 931 1643 feroras
944 1606 989 1642 es·

174 1677 206 1713 se
222 1661 342 1725 similes,
360 1663 446 1714 vitam
461 1668 545 1728 atque
560 1662 701 1713 fortunam
716 1662 877 1730 plerumque
892 1660 990 1728 dispa-

175 1746 244 1783 rem.
279 1730 393 1785 Procles
414 1739 442 1784 et
462 1730 665 1800 Borysthenes,
695 1727 989 1784 Lacedaemoniorum

176 1801 281 1869 Reges,
298 1803 409 1869 'gemini
422 1802 524 1853 iratres
544 1802 663 1854 fuerunt.
699 1804 735 1854 At
756 1801 848 1853 hinec
862 1800 989 1853 totidem

177 1886 266 1923 annos
275 1871 416 1923 vixerunt:
438 1887 511 1923 anno
527 1872 598 1924 enim
615 1872 709 1924 Procli
720 1874 780 1923 rita
792 1871 905 1924 brevior
921 1868 990 1936 tuit,

176 1941 349 2007 multumque
359 1943 383 1992 is
396 1942 476 1993 fratri
483 1957 575 1994 rerum
586 1949 727 2010 gestarum
734 1942 827 2010 gloria
832 1940 990 2008 praestitit.

177 2008 221 2063 91.
234 2012 269 2061 At
280 2026 332 2078 ego
343 2011 372 2062 id
384 2013 484 2079 ipsum,
496 2011 571 2080 quod
578 2012 746 2079 viroptimus
752 2012 893 2078 Diogenes
901 2009 991 2064 char-

178 2080 266 2142 daeis,
277 2081 356 2147 quasi
367 2082 486 2148 quadam
500 2082 750 2150 praevaricatione,
762 2080 899 2144 coneedit,
911 2097 991 2149 nego

177 2151 399 2219 posseinteliigi.
436 2151 546 2202 Etenim
558 2167 649 2221 quum,
670 2159 700 2203 ut
710 2153 768 2219 ipsi
778 2151 883 2213 dicunt,
904 2158 991 2203 ortus

177 2221 350 2276 nascentium
371 2221 438 2272 luna
453 2221 628 2282 moderetur,
650 2236 737 2289 eaque
752 2220 994 2285 animadvertant,

178 2297 207 2342 et
216 2296 314 2344 notent
323 2291 416 2350 sidera
432 2290 566 2343 natalicia
576 2290 723 2354 Chaldaei,
744 2305 935 2359 quaecumque
946 2291 991 2343 iu·

111 2363 119 2378 ‘
178 2375 231 2411 nac
246 2360 342 2412 iuncta
356 2360 516 2411 rideantur:
537 2354 682 2413 oculorum
702 2360 886 2414 fallacissimo
901 2369 993 2414 sensu

174 2428 302 2482 iudicant
317 2447 363 2494 ea,
384 2445 454 2498 quae
469 2425 579 2484 ratione
593 2438 677 2499 atque
691 2432 783 2482 animo
794 2430 890 2483 videre
901 2430 991 2483 debe·

176 2501 253 2552 bant.
272 2499 362 2564 Docet
374 2502 447 2553 enim
458 2502 533 2553 ratio
545 2499 813 2562 mathematicorum,
823 2515 906 2568 quam
919 2502 992 2551 istis

176 2577 272 2620 utitem
285 2587 347 2623 esse
361 2567 519 2638 oportebat,
541 2577 647 2636 quanta
661 2567 820 2632 hunriiitate
834 2570 901 2620 luna
911 2569 993 2623 iera·
1018 2633 1027 2640 ι

156 2654 157 2659 ’
176 2643 236 2700 tur,
255 2647 358 2696 terrem
371 2656 458 2707 paene
468 2641 645 2706 contingens,
667 2648 798 2706 quantum
809 2639 884 2691 absit
894 2655 911 2689 a
922 2653 995 2712 pro·

177 2705 253 2761 xima
262 2708 394 2766 Memmii
404 2709 495 2773 stella,
506 2710 595 2761 multo
607 2716 700 2763 autem
711 2710 821 2777 longius
833 2704 996 2773 aVeneris‚
