2084 3025
262 97 343 152 ma.
361 99 416 153 111.
452 68 538 154 cnr.
552 97 595 154 so.
606 96 649 154 31.
815 98 871 156 aas

37 202 133 275 quod
145 215 245 254 eorum
258 202 426 256 auctoritate
437 218 493 271 pax
505 208 567 257 erat
579 201 670 268 iacta,
694 200 786 257 dediti
848 208 870 269 t,

36 283 156 341 ntpax
169 270 337 324 Samnitium
352 273 556 342 repudiaretur.
592 273 777 344 Atquehuius
812 272 873 326 edi·

36 343 142 398 tionis
152 342 217 408 ipse
227 340 401 407 Postumius,
421 344 470 411 qui
481 344 649 408 dedebatur,
670 359 771 398 suasor
781 350 809 396 et
822 356 870 396 nu·

39 421 116 467 otor
128 409 201 463 fnit.
216 410 298 476 Quod
308 410 383 464 idem
393 413 490 465 multis
501 415 580 468 annis
591 421 655 483 post
668 416 698 469 c.
708 413 869 467 Mancinum

40 484 112 552 qui,
137 486 174 531 ut
185 479 377 545 Numantinis,
399 483 561 550 quibuscum
572 485 632 537 sine
644 483 762 537 Senatus
775 488 870 533 aucto·

38 555 148 606 ritate
159 547 263 602 foedus
273 549 390 614 iecerat,
410 552 570 616 dederetur,
590 554 764 620 rogationem
780 550 870 602 suasit

39 638 132 682 eam,
151 635 237 686 quam
248 620 298 674 R*
308 621 411 673 Furius
421 629 450 675 et
462 622 491 676 S.
501 625 619 677 Attiiius
630 639 664 676 ex
674 622 794 675 Senatus
806 635 870 672 con·
983 666 990 673 ,

39 692 137 745 sulto
157 689 300 743 ferebant:
323 705 378 758 qua
393 699 524 761 accepta,
543 699 587 746 est
601 691 733 745 nostibus
748 689 868 742 deditus.
915 752 923 763 .

37 759 219 815 Honestius
238 757 291 822 hic,
312 775 396 827 qnam
413 762 446 824 Q.
456 762 621 831 Pompeius,
641 777 712 830 quo,
734 773 819 829 quum
839 757 869 809 in

40 831 158 885 eadem
170 842 272 880 caussa
283 836 365 892 esset,
375 830 554 899 deprecante,
570 838 686 898 acceptu
696 831 743 884 lex
752 842 808 881 non
817 832 869 879 est.

39 902 110 954 Hic
122 912 175 959 ea,
198 897 425 963 quaevidebatur
439 901 567 964 utilitas,
586 900 766 969 piussaiuit,
788 910 871 964 quam

40 969 209 1022 honestas:
229 966 303 1033 apud
314 968 473 1033 superiores
484 969 620 1022 utilitatis
630 969 738 1037 species
749 967 824 1020 salsa
835 964 871 1016 ab

42 1034 220 1092 honestatis
241 1038 412 1090 auctoritate
431 1045 567 1105 superata
574 1045 627 1093 est.
662 1037 723 1092 110.
741 1039 796 1101 „At
814 1049 872 1087 non

43 1104 161 1163 debuit
171 1110 265 1155 ratum
276 1119 347 1169 esse,
358 1106 434 1174 quod
445 1115 506 1160 erat
516 1114 611 1161 actum
622 1123 673 1178 per
682 1107 764 1159 vim.“
783 1102 872 1170 Quasi

44 1193 127 1231 sero
143 1171 216 1225 forti
231 1174 292 1224 siro
307 1177 349 1227 sis
365 1177 455 1243 possit
470 1176 606 1231 adhiberi.
642 1178 717 1241 „cur
731 1175 820 1242 igitur
834 1170 872 1225 ad

45 1248 198 1301 Senatum
210 1243 447 1310 proficiscebatur,
466 1262 549 1315 quum
560 1248 727 1315 praesertim
739 1244 774 1296 de
784 1242 872 1310 capti·

44 1319 97 1371 sis
110 1313 297 1367 dissuasurus
308 1321 381 1366 essm
389 1315 423 1365 ³⁶⁶
442 1317 524 1380 Quod
533 1318 684 1370 maximum
694 1315 723 1365 in
734 1327 769 1367 eo
780 1318 833 1375 est,
842 1309 873 1363 id

44 1381 280 1455 reprehenditis.
315 1382 379 1436 Non
388 1385 463 1439 enim
475 1402 526 1438 suo
537 1386 643 1438 iudicio
654 1383 742 1447 stetit,
753 1381 803 1434 sed
813 1395 873 1432 sus·

45 1456 138 1526 cepit
157 1467 302 1516 caussam,
322 1459 354 1505 ut
365 1461 440 1507 esset
454 1456 591 1509 iudicium
604 1455 737 1509 Senatus:
759 1449 803 1504 cui
820 1448 874 1500 nisi

40 1530 119 1597 ‚ipse
139 1528 242 1576 auctor
256 1520 371 1588 fuisset,
391 1526 496 1593 captivi
511 1524 640 1594 proiecto
650 1523 753 1578 Poenis
767 1516 874 1573 redditi

45 1600 166 1652 essent.
203 1594 248 1648 lta
261 1594 411 1647 incolumis
423 1596 452 1648 in
462 1597 557 1664 patria
571 1595 695 1665 Regulus
710 1589 872 1646 restitisset.

43 1663 145 1731 Quod
156 1662 224 1731 quia
234 1663 344 1730 patriae
357 1680 414 1718 non
423 1667 494 1719 utile
505 1665 623 1734 putavit,
640 1664 747 1717 idcirco
757 1660 812 1713 sibi
823 1657 873 1711 ho·

35 1744 185 1795 ¹nestum,
201 1738 230 1785 et
241 1734 348 1787 sentire
358 1735 409 1788 illa
419 1738 527 1803 etputi,
538 1735 668 1792 credidit.
704 1732 785 1794 Nan,
797 1727 872 1797 ‘1¹¹0d

44 1808 151 1866 aiunt,
168 1802 245 1869 quod
255 1802 338 1858 valde
348 1805 419 1858 utile
430 1807 478 1870 sit,
491 1806 521 1858 id
531 1807 592 1864 iieri
602 1803 765 1858 honestum:
785 1799 872 1851 immo

43 1891 124 1929 sero
140 1887 214 1933 ease,
226 1886 281 1923 non
292 1873 363 1926 fieri.
389 1876 443 1927 Est
454 1876 526 1930 enim
538 1873 610 1928 nihii
619 1875 698 1937 utile,
714 1869 788 1940 quod
796 1868 873 1921 idens

44 1962 111 1999 non
136 1940 301 1993 honestum:
324 1959 376 1995 nec
395 1945 460 2012 quia
477 1946 560 2009 utile,
579 1943 729 1998 honestum
745 1947 802 2003 est;
822 1936 872 1992 sed

46 2016 126 2085 quia
144 2009 309 2073 honestum,
325 2013 406 2066 utile.
442 2015 536 2075 Quare
546 2028 582 2066 cx
591 2014 688 2066 multis
697 2009 871 2064 mirabilibus

46 2080 201 2148 exemplis
220 2076 294 2130 haud
311 2081 395 2134 facile
410 2084 471 2151 quis
488 2083 592 2136 dixerit
612 2081 666 2135 hoe
679 2079 807 2147 exemplo
822 2082 873 2130 aut

44 2149 240 2208 laudabilius
260 2155 310 2201 aut
329 2152 529 2217 praestantius.
564 2152 667 2205 XXXI.
685 2147 745 2203 111.
764 2147 819 2201 Sed
836 2160 872 2200 ex

46 2230 122 2288 tota
144 2219 201 2272 hac
222 2217 306 2270 laude
321 2220 423 2289 Reguli
437 2238 522 2274 unum
538 2220 610 2273 illud
625 2226 669 2274 est
684 2218 873 2273 admiratione

48 2292 194 2362 dignum,
220 2287 295 2354 quod
315 2291 443 2357 captivos
462 2291 625 2350 retinendos
645 2289 765 2343 censuit.
798 2285 872 2337 Nam

47 2359 137 2430 quod
151 2356 255 2419 rediit,
275 2358 355 2411 nobis
373 2375 446 2411 nunc
456 2361 587 2414 mirabile
598 2360 719 2411 videtur:
741 2354 798 2406 illis
814 2352 872 2418 qui·

49 2433 123 2485 dem
135 2427 316 2493 temporibus
327 2429 411 2481 aliter
419 2429 513 2485 iacere
524 2445 579 2482 non
590 2429 689 2496 potuit.
708 2427 804 2489 ltaque
815 2421 872 2472 ista

49 2503 121 2554 lans
134 2502 249 2549 nonest
261 2495 389 2561 honiinis,
409 2499 459 2550 sed
469 2505 635 2566 temporum.
670 2493 785 2547 Nullum
798 2490 871 2542 cuim
889 2497 893 2504 '

50 2567 206 2623 vinculum
214 2565 252 2619 ad
263 2566 491 2640 adstringendum
501 2569 587 2621 fidens
596 2561 776 2618 iureiurando
786 2557 872 2612 maio-
