2084 3025
201 120 272 200 am
470 144 527 197 an
546 106 730 201 nnornus

201 248 281 300 nulla
294 262 362 317 gens
377 254 421 300 est
434 265 522 317 neque
540 258 596 303 tam
608 235 829 319 [intimansuetm
848 264 937 319 neque
947 266 1002 303 tam

202 320 270 381 fera,
282 333 351 386 quae
362 321 516 382 non,etiam
527 322 552 371 si
561 323 680 388 ignoret,
687 322 795 388 qualem
807 320 1003 381 haboreDeum

203 389 309 451 deceat,
319 394 412 440 tamen
424 387 578 441 habendum
590 392 669 442 sciat.
704 391 748 444 25.
767 392 811 443 Ex
822 406 877 458 quo
889 390 1004 442 efficitur

200 455 280 520 illud,
293 462 325 508 ut
336 458 360 508 is
373 466 506 526 agnoscat
517 459 617 523 Deum,
628 462 684 529 qui,
694 461 768 513 unde
779 469 857 512 ortus
868 463 916 522 sit,
927 460 1004 527 quasi

200 527 362 580 recordetur
372 544 404 583 ao
415 534 521 581 noscat.
558 530 617 582 lam
632 546 698 583 vero
710 532 797 583 virtus
809 530 907 582 eadem
918 532 947 581 in
957 530 1005 581 ho·

200 597 283 659 mine,
306 613 338 648 ac
348 597 410 650 Deo
421 606 472 661 est,
492 615 580 667 neque
590 600 648 652 ullo
660 600 840 669 alioingonio
850 607 1005 668 praeterea.

201 666 252 718 Est
263 672 356 720 autem
370 669 460 719 virtus
476 668 546 721 nihil
556 669 647 734 aliud,
667 684 748 737 quam
762 672 791 721 in
800 686 831 722 so
842 669 967 737 perfecta
977 675 1007 724 et

134 780 135 783 ,
201 735 237 789 ad
249 753 386 789 summum
397 738 533 806 perducta
544 745 652 792 natura.
669 741 721 791 Est
731 740 818 808 igitur
827 739 934 792 homini
944 756 1005 791 eum

200 806 262 858 Deo
278 807 442 860 similitudo.
479 808 562 871 Quod
582 825 666 877 quum
680 809 722 862 ita
736 812 788 873 sit,
808 825 880 878 quae
894 809 1005 862 taudem

200 883 295 944 potest
315 894 377 930 esse
396 878 513 945 propior
534 880 672 932 certiorve
690 880 838 949 cognatio?
857 880 955 948 ltaque
969 876 1005 929 ad

201 946 344 999 hominum
360 949 574 1001 commoditates
590 955 618 1002 et
629 965 696 1001 usus
706 957 814 1002 tantam
823 965 916 1002 rerum
926 951 1005 1000 uber·

201 1023 287 1068 tatem
299 1022 399 1068 natura
409 1017 515 1087 largita
525 1025 576 1081 est,
596 1025 678 1082 ntea,
698 1035 769 1087 quae
780 1020 939 1089 gignuntur,
958 1018 1005 1070 do·

201 1093 269 1138 nata
287 1087 415 1138 consulto
437 1089 531 1149 nobis,
552 1105 607 1140 non
626 1086 746 1142 fortuito
763 1097 831 1142 nata
844 1089 1005 1141 videantur:

200 1171 251 1207 noe
262 1155 351 1206 solum
362 1172 403 1219 ea,
410 1172 480 1223 quae
491 1158 621 1226 frugibus
628 1166 710 1227 atque
720 1159 814 1211 baccis
824 1169 917 1211 terrae
929 1157 1007 1210 foetu

200 1223 417 1296 proltmduntur,
434 1227 484 1278 sed
495 1229 581 1280 etiam
591 1228 725 1295 pecudes:
746 1229 820 1297 quod
831 1229 1006 1296 perspicuum

200 1295 252 1356 sit,
272 1294 373 1361 partim
388 1312 450 1347 esse
464 1297 500 1348 ad
515 1314 597 1349 usum
611 1296 766 1362 hominum,
787 1299 888 1367 partim
904 1297 941 1348 ad
952 1296 1008 1348 iru-

201 1369 290 1426 etum,
310 1365 411 1430 partim
427 1365 463 1416 ad
481 1367 647 1419 vescendum
659 1376 840 1435 procreatae·
863 1367 908 1421 26.
927 1369 1007 1419 Artes

201 1448 268 1487 vero
288 1434 507 1488 innumerabiles
528 1443 657 1504 repertae
678 1445 755 1501 sunt,
768 1438 886 1491 docente
899 1443 1007 1490 natura.

201 1505 291 1570 Quam
301 1503 412 1576 imitata
422 1506 506 1569 ratio,
528 1524 574 1560 res
584 1507 618 1559 ad
630 1508 716 1560 vitam
727 1509 900 1560 necessarias
910 1507 1010 1560 soller-

177 1613 180 1628 .
200 1581 244 1627 ter
255 1581 406 1627 consecuta
417 1583 469 1628 est.
491 1576 540 1629 lX.
553 1578 645 1644 lpsum
656 1571 749 1629 autem
760 1576 898 1632 hominem
909 1577 1010 1630 eadem

201 1651 302 1697 natura
310 1659 365 1695 non
375 1645 466 1696 solum
477 1646 620 1698 eeleritate
631 1649 731 1699 mentis
740 1650 859 1710 ornarit,
865 1647 1010 1699 sedetiam

200 1729 312 1777 sensus,
332 1719 474 1781 tamquam
485 1716 624 1768 satellites
636 1718 775 1780 attribuit,
791 1734 824 1769 ac
834 1719 962 1770 nuntios:
982 1722 1011 1768 et

200 1800 293 1836 rerum
313 1783 494 1850 plurimarum
514 1785 694 1838 obscurarum
715 1790 889 1840 necessarias
906 1787 1011 1839 intelli·

201 1854 309 1922 gentias
321 1853 466 1918 enodavit,
488 1856 568 1921 quasi
577 1855 758 1909 fundamenta
774 1858 911 1925 quaedam
923 1861 1011 1926 seien-

201 1924 272 1975 tiae:
295 1924 468 1991 figuramque
479 1927 607 1994 eorporis
618 1925 736 1979 habilem
749 1933 777 1979 et
787 1934 882 1994 aptam
893 1928 1010 1994 ingenio

200 1992 319 2044 humano
336 1993 424 2046 dedit.
460 1993 532 2046 Nam
550 2012 632 2063 quum
648 2003 755 2048 ceteras
767 1999 922 2049 animantes
935 1997 1012 2048 abie-

201 2062 284 2114 cisset
301 2061 336 2113 ad
348 2070 472 2130 pastum,
493 2066 583 2116 solum
597 2062 736 2118 hominem
752 2068 854 2124 erexit,
875 2067 911 2118 ad
927 2067 1012 2118 caeli·

163 2175 166 2190 ι
201 2145 266 2200 que,
288 2133 367 2199 quasi
383 2134 560 2201 cognationis
572 2135 762 2202 domiciliique
775 2136 883 2203 pristini
895 2151 1014 2204 conspe·

109 2247 116 2262 ,
201 2208 275 2252 etum
290 2202 437 2254 excitarit:
460 2210 518 2255 tum
535 2204 658 2273 speciem
678 2207 721 2257 ita
735 2204 869 2260 formavit
885 2208 960 2269 oris,
982 2211 1013 2256 ut

200 2270 229 2321 in
241 2285 275 2323 ea
286 2272 395 2339 penitus
407 2274 569 2326 reconditos
580 2289 672 2326 mores
684 2278 837 2343 effingeret.
872 2278 917 2329 2⁷.
938 2276 1015 2329 Nam

200 2345 229 2391 et
239 2341 313 2391 oeuli
328 2341 411 2390 nimis
427 2343 534 2409 arguti,
556 2344 786 2413 quemadmodum
802 2347 895 2398 animo
912 2344 1015 2398 affecti

201 2424 309 2472 sumus,
331 2408 495 2475 loquuntur:
518 2420 546 2464 et
558 2414 591 2477 is,
606 2414 654 2481 qui
664 2415 822 2482 appellatur
831 2417 943 2479 vultus,
965 2413 1016 2482 qui

201 2477 278 2529 nullo
291 2479 319 2544 in
331 2478 470 2531 animante
480 2496 550 2544 esse,
571 2491 681 2550 praeter
691 2485 840 2548 hominem,
852 2491 959 2553 potest,
972 2485 1015 2535 in·

202 2546 278 2599 dicat
288 2562 393 2598 mores:
416 2549 493 2601 cuius
504 2551 559 2601 rim
572 2551 674 2605 Graeci
685 2560 794 2615 norunt,
811 2570 911 2606 nomen
924 2552 1016 2606 omni-

200 2630 236 2680 no
248 2631 302 2667 non
313 2616 425 2669 habent.
439 2669 447 2685 ,
461 2619 568 2671 Omitto
581 2625 815 2688 opportunitates,
835 2623 1018 2676 habilitates·

202 2699 256 2752 que
266 2685 367 2753 reliqui
378 2688 513 2755 eorporis,
530 2691 751 2745 moderationem
760 2693 848 2757 nocis,
870 2694 1018 2747 orationis
