2084 3025
275 155 354 210 LlB.
373 156 394 210 1.
431 155 514 211 CAP.
534 155 576 210 1e.
595 152 637 211 10.
805 153 857 208 217

49 265 143 330 Atque
154 261 245 323 idem,
263 260 383 312 multum
394 260 468 312 enirn
479 260 561 311 illum
574 260 720 313 audiebam
732 266 761 313 ct
771 258 859 312 lihcn·

48 339 106 394 ter,
124 330 240 384 Zethum
252 331 331 381 illum
342 330 455 382 Pacuuii
466 331 551 382 nimis
560 331 700 381 inimicum
713 330 858 382 doctrines

48 418 113 453 esse
132 402 257 453 dicebat:
280 401 370 468 magis
392 416 454 452 eum
478 400 638 452 delectabat
657 400 857 466 Neoptolemus

48 470 205 538 Ennii-qui
216 487 247 523 sc
258 472 298 522 eit
311 469 502 538 philosophari
514 470 597 531 relle,
609 469 658 520 scd
670 471 779 536 paucis,
792 484 858 521 nom

50 540 166 592 omnino
187 539 262 592 haud
284 541 402 608 placere.
439 541 520 603 Quod
536 541 560 591 si
575 539 670 590 studio
686 538 860 592 Graecorum

18 613 19 616 ’
42 625 102 662 ωε
124 617 206 664 tanto
228 625 312 677 opere
333 611 493 673 delectent,
513 616 580 662 sunt
599 608 656 659 alie
674 608 809 661 liberiora
830 617 860 661 et

49 680 193 731 transfusa
202 681 296 743 latius,
307 696 377 747 quoe
387 681 431 734 rcl
444 682 481 733 nd
492 696 573 731 usum
583 679 659 731 ritae
668 680 714 730 rel
726 679 810 730 ctiam
822 678 860 731 ad

48 750 142 816 ipsam
157 765 217 802 rem
233 751 373 816 publicam
385 750 513 806 conterre
524 764 680 816 possumus.
716 748 790 801 Istae
802 749 860 814 qui·

50 819 116 878 dens
127 827 211 882 ortes,
221 822 248 871 si
257 821 342 871 modo
354 818 860 887 aliquid,relent,ut'paullumecuant

50 896 81 942 et
92 896 235 955 tamquam
245 891 357 941 irritent
367 891 482 958 ingenia
495 904 660 958 puerorum,
681 902 736 956 quo
747 887 860 940 fecilior

49 960 160 1026 eosdm
170 960 278 1010 maiora
289 960 405 1010 discere.

103 1028 181 1080 XlX.
202 1031 274 1080 Tum
286 1029 414 1080 Tubero:
434 1028 496 1081 Non
515 1025 685 1078 dissentio-s
699 1033 743 1089 tc,
759 1022 858 1089 Lue1i3

49 1096 101 1151 sed
117 1113 237 1165 quaero,
256 1114 328 1162 quoe
341 1105 373 1149 tu
381 1115 445 1158 ¹esse
456 1099 565 1150 nreioru
574 1097 726 1164 intelliges.
762 1111 790 1149 ι..
810 1093 860 1145 Di·

50 1183 112 1220 eam
124 1165 292 1230 mehercule,
304 1174 332 1220 ct
343 1175 505 1219 contemnar
514 1183 531 1218 a
542 1172 571 1219 te
581 1168 711 1228 fortusse,
732 1179 816 1234 quum
827 1170 862 1215 tu

49 1240 109 1290 ists
129 1238 264 1291 eoelestis
284 1237 471 1304 dc‘Scipionc
493 1237 659 1306 quaesicris,
690 1250 743 1302 ege
764 1241 860 1287 sutem

49 1304 134 1369 hace,
154 1322 225 1373 quac
242 1307 374 1359 ridentur
383 1314 448 1358 autc
457 1306 569 1368 oculos,
590 1321 651 1356 esse
662 1305 860 1371 megisputcm

49 1359 222 1445 quaerendo.
257 1377 331 1441 Quid
351 1377 425 1428 enim
445 1376 515 1427 mihi
530 1375 563 1426 L.
580 1373 671 1426 Perilli
685 1388 785 1440 nepos,
805 1372 859 1425 hoe

49 1447 204 1510 arunculo,
227 1447 402 1498 nobilissimo
421 1445 449 1496 in
457 1439 581 1496 'familie'
590 1450 672 1511 atquc
686 1445 716 1495 in
732 1441 784 1494 hee
799 1449 861 1498 tam

50 1519 131 1570 clare
141 1532 171 1569 re
181 1517 294 1585 publice
309 1524 407 1579 notus,
426 1518 550 1584 quaerit,
566 1512 706 1582 quomodo
717 1512 771 1565 duo
784 1512 860 1566 soles

48 1588 107 1639 risi
116 1588 182 1649 sint,
192 1602 248 1638 non
260 1587 379 1655 quaerit,
391 1587 479 1637 curin
488 1599 544 1635 une
555 1583 704 1651 republica
713 1582 860 1637 duoSene·

47 1668 99 1710 tus
115 1664 144 1708 ct
159 1657 214 1709 duo
230 1658 385 1722 pseneiam
397 1654 581 1723 populisinti
601 1653 686 1715 Nom,
707 1658 740 1703 ut
749 1653 872 1717 vidistis„

46 1741 129 1779 mors
140 1726 248 1778 Tiberii
262 1725 397 1788 Gracchi,
417 1733 446 1777 et
466 1726 524 1787 ianr
541 1730 605 1776 ente
619 1729 681 1774 tote
696 1722 772 1772 illius
785 1723 860 1776 rotie

17 1808 25 1823 ²
46 1796 224 1851 Tribunatus
245 1796 341 1847 divisit
361 1795 494 1862 populum
515 1809 600 1844 unum
621 1794 649 1843 in
668 1791 737 1842 dues
751 1798 860 1857 partesz

49 1868 261 1919 obtrectatores
275 1872 369 1917 autern
382 1873 410 1916 et
420 1864 508 1916 insidi
519 1862 664 1929 Scipionis,
674 1862 764 1913 initiis
774 1860 862 1915 iactis

47 1954 68 1989 a
81 1936 112 1987 P.
125 1934 231 1986 Crasse
242 1941 271 1986 et
280 1937 370 2001 Appio
382 1934 518 1996 claudio,
540 1939 636 1985 tenent
652 1931 741 1983 nihilo
757 1932 859 1994 minus,

47 2006 110 2060 illis
121 2006 250 2066 mortuis,
263 2004 383 2056 Senatus
398 2006 517 2056 ilteram
531 2008 639 2070 partem
651 2001 831 2054 dissidentem
843 2017 861 2054 a

46 2075 143 2135 noeis,
155 2081 271 2127 auctore
281 2074 401 2126 Metello
414 2081 443 2126 et
452 2074 483 2125 P.
494 2072 606 2125 Mucior
621 2087 711 2140 neque
721 2069 803 2136 hunc,
813 2071 862 2138 qui

46 2160 124 2197 unus
135 2149 237 2211 petest,
258 2144 405 2196 concitatis
416 2144 502 2195 sociis
513 2150 542 2193 et
552 2143 663 2195 nominc
674 2141 785 2203 Latino,
801 2141 860 2194 foe·

48 2209 167 2266 cleribus
188 2214 318 2276 violetis,
338 2213 494 2264 triumuiris
515 2211 737 2271 seditiosissimis
755 2209 861 2277 aliquid

50 2282 183 2352 quotidie
203 2285 270 2335 nori
287 2282 474 2344 moventibus,
495 2281 577 2332 bonis
590 2282 659 2332 viris
673 2279 861 2345 locupletibus
936 2322 939 2327 .

48 2353 236 2422 perturbetis,
257 2352 300 2404 his
311 2359 368 2404 tem
381 2350 549 2419 periculosis
559 2351 644 2401 rebus
656 2349 802 2400 subvenire
813 2363 861 2414 pn·

48 2424 171 2475 tluntur.
203 2422 293 2484 Quum
305 2425 340 2475 ob
353 2437 420 2483 rem,
431 2421 454 2471 si
466 2436 510 2472 me
520 2419 648 2480 audictis,
659 2417 862 2479 adolescentes,

17 2548 21 2555 ,
49 2491 142 2545 solem
159 2491 279 2543 alterum
295 2490 511 2543 ne'nretueritis:
534 2495 583 2539 erit
602 2488 672 2541 cuim
689 2485 782 2535 nullus
796 2496 859 2559 ¹urso

40 2560 172 2631 'poteste'
183 2568 233 2613 aut
242 2562 280 2613 sit
290 2577 369 2624 sanc,
387 2567 418 2611 ut
429 2560 506 2622 visus
516 2564 567 2620 est,
588 2555 671 2608 modo
683 2571 717 2605 ne
728 2555 766 2605 sit
777 2554 873 2609 moles,

51 2639 128 2694 stus3
145 2637 193 2681 aut
204 2632 277 2683 seire
288 2631 406 2683 istarum
415 2645 506 2681 rerum
518 2626 602 2690 nihil3
614 2633 672 2689 out,
684 2626 794 2676 etiamsi
805 2639 862 2676 ms·

29 2738 30 2741 =
50 2703 131 2755 xime
150 2703 282 2765 sciemus,
300 2718 351 2755 nce
369 2701 502 2756 meliores
520 2698 556 2752 ub
573 2695 796 2752 cumscientiam
811 2709 862 2747 nce
