2084 3025
182 111 265 178 41s'
453 119 716 176 nnorrrcrrs
754 133 759 141 ·

184 226 358 294 reipublicae
368 228 541 290 muneribus,
562 226 598 278 sd
609 225 663 278 linc
677 242 728 278 nas
742 212 867 278 studium
882 220 990 290 potissi-

183 312 261 347 mum
272 297 496 348 contulissemus.
531 298 558 347 7.
577 296 740 349 Occurritur
751 302 844 346 autern
856 293 947 354 nubis,
965 298 992 343 et

184 366 296 434 quidem
313 365 438 417 adactis
458 374 487 418 et
503 366 636 428 eruditis,
655 364 866 432 quaerentibus,
887 363 992 413 satisne

110 449 113 462 ⁴
186 441 345 485 constanter
356 435 449 487 facere
460 435 612 496 videamur,
633 438 690 501 qui,
710 450 794 501 quum
807 432 913 500 percipi
921 429 992 481 nibil

206 519 269 555 osse
280 504 419 566 dictinius,
439 511 533 556 tamen
544 511 572 556 ct
584 505 648 555 aliis
660 505 789 556 derebus
801 503 940 553 disserere
949 516 991 552 sa·

198 588 306 634 camus,
326 581 355 626 et
370 572 424 625 hoc
433 575 495 640 ipso
507 579 633 640 tempure
644 578 793 640 praecepta
804 571 890 622 oflicii
920 584 991 621 erse·

186 656 312 709 quantur.
347 644 457 706 Quibus
471 643 571 694 vellem
586 645 656 694 satis
671 644 785 711 ccgrrita
799 647 874 692 esset
949 645 991 688 tra

186 712 333 764 sententia.
370 711 432 763 Nou
442 712 516 762 enim
527 728 620 764 sumus
632 714 662 774 ii,
676 727 794 780 quorum
805 717 925 777 rugetur
935 708 990 759 ani·
1032 741 1035 750 ι

185 795 248 832 mus
268 796 375 843 errore,
395 796 446 833 nec
466 780 568 834 lrabeat
587 798 730 849 umquam,
746 779 831 846 .qu0d
850 785 990 845 sequatur.

187 850 266 912 Quae
277 851 349 904 enim
361 847 435 903 ess‘ct
443 852 500 902 ista
510 867 598 912 mens,
612 853 656 902 rel
669 867 739 918 quae
749 851 807 900 rita
817 849 923 914 patius,
936 862 988 897 nmr

98 951 100 956 ·
186 919 270 971 modu
283 920 445 986 disputandi
460 920 509 972 sed
519 922 632 972 vivendi
646 922 755 973 ratione
766 917 895 969 sublata?
932 916 988 968 Nos

185 995 295 1050 autem,
315 997 346 1039 ut
356 990 441 1040 ceteri
451 990 508 1040 alia
518 997 607 1052 certa,
630 991 687 1041 alia
698 991 805 1041 incerta
814 1004 878 1040 csse
886 987 987 1047 dicunt,

185 1058 236 1119 sic,
246 1058 282 1108 'ab
294 1056 337 1107 lris
348 1058 555 1121 dissentientes,
575 1060 632 1112 alia
642 1059 804 1127 probabilia,
823 1068 919 1109 cantra
932 1055 986 1106 alia

184 1141 245 1177 esse
256 1125 383 1179 dicimus.
419 1127 445 1178 8.
464 1129 537 1190 Quid
549 1136 591 1179 cst
601 1130 697 1196 igitur,
708 1129 781 1196 quud
792 1143 836 1177 mc
846 1125 987 1192 impediat,

184 1208 226 1255 es,
236 1209 307 1260 quae
317 1194 385 1246 mihi
395 1198 556 1262 probabilia
566 1199 720 1260 rideantur,
730 1198 821 1264 sequi3
843 1212 913 1263 quac
924 1211 986 1246 con·

184 1270 237 1325 tra,
247 1265 418 1331 improbare:
430 1274 522 1333 atquc,
533 1268 688 1319 allirnrandi
699 1267 889 1333 arrogantiam
900 1265 986 1316 ritan-

183 1338 256 1396 tem,
278 1333 375 1402 fugere
389 1339 591 1399 temeritatem,
610 1354 682 1404 quae
694 1354 711 1389 a
720 1337 859 1402 sapientia
870 1333 986 1385 dissidet

183 1401 347 1470 plurimum?
357 1407 460 1459 Contra
471 1413 562 1458 autern
574 1408 666 1458 omnia
677 1407 836 1473 disputatur
847 1420 863 1455 a
875 1403 986 1464 nostris,

95 1502 101 1512 ·
184 1472 259 1540 quud
269 1472 321 1527 huc
332 1476 421 1544 ipsunt
435 1477 581 1543 pibbabilc
591 1477 701 1530 elucere
712 1492 766 1528 uun
778 1477 879 1541 possit,
888 1474 943 1526 nisi
953 1486 986 1525 cx

183 1549 302 1610 utraque
313 1555 403 1611 parte,
412 1546 573 1598 caussarum
584 1556 657 1599 esset
670 1547 747 1598 facta
758 1546 911 1596 contentio.
932 1540 984 1596 Sed

183 1610 253 1665 baec
268 1616 419 1680 explanata
432 1624 496 1667 sunt
510 1617 540 1666 in
550 1617 720 1669 Academicis
735 1617 841 1666 nastris
855 1615 938 1676 satis,
956 1621 985 1663 ut

92 1710 95 1717 -
182 1683 314 1745 arbitror,
331 1685 488 1751 diligenter.
510 1687 590 1739 .Tibi
601 1693 704 1749 autem,
720 1687 759 1736 nri
770 1686 876 1748 Cicera,
893 1698 985 1751 quam·

182 1766 264 1818 quani
277 1753 314 1823 *in
334 1756 528 1821 antiquissima
549 1757 776 1821 nobilissimaque
797 1751 984 1821 philosophia,

182 1821 315 1888 Cratippo
331 1832 461 1887 auctore,
475 1826 615 1887 ⁴versaris,
636 1826 673 1876 iis
687 1825 842 1886 simillimo,
862 1826 912 1891 qui
933 1823 985 1874 ista

181 1893 325 1955 praeclara
337 1901 514 1960 pepererunt:
538 1900 630 1947 tamen
649 1892 718 1947 haec
734 1901 844 1956 nostra,
864 1893 985 1943 finitima

180 1960 290 2022 vestris,
301 1962 400 2028 ignata
410 1980 471 2016 csse
481 1965 568 2024 nolui.
604 1963 658 2018 Sed
670 1967 724 2016 iam
735 1965 770 2016 ad
781 1964 914 2016 instituta
924 1977 985 2031 per·

179 2042 287 2096 gamus.

232 2099 279 2150 lll.
296 2100 322 2151 ll.
343 2099 467 2168 Quinque
477 2103 565 2171 igitur
574 2104 725 2159 ruderibus
735 2104 888 2170 propositis
899 2098 985 2170 efficti

153 2236 159 2243 ι
177 2170 370 2234 persequendi,
393 2186 509 2237 quarum
529 2175 599 2227 duae
616 2174 652 2225 ad
673 2176 751 2239 decus
767 2173 984 2241 borrestnterrmae

180 2237 329 2303 pertinent,
344 2238 416 2291 duae
426 2241 462 2292 ad
473 2246 611 2296 enarranda
623 2244 710 2306 vitae,
730 2243 830 2313 copias,
849 2240 924 2311 spot,³
936 2242 985 2316 sa·

180 2308 295 2360 cultata
302 2324 313 2368 ‚¹
335 2309 433 2382 quinta
444 2311 479 2362 ad
491 2313 610 2380 eligendi
621 2313 765 2375 iudicium,
786 2314 930 2380 siqrtuade
943 2327 983 2374 ea,

181 2390 251 2443 quac
268 2377 339 2439 dixi,
356 2395 482 2448 pugnare
498 2383 611 2435 interae
628 2384 799 2436 viderentur.-
825 2382 982 2434 horrestatis

180 2457 245 2525 pars
259 2445 387 2500 confecta
404 2456 460 2511 est,
481 2465 563 2516 quam
579 2453 690 2519 quidem
704 2454 757 2504 tibi
770 2455 851 2520 cupis
862 2467 924 2504 esse
935 2467 982 2503 no·

179 2515 325 2568 tnsimam.
360 2518 552 2582 licitantem,
584 2522 619 2573 de
639 2538 694 2589 que
714 2538 785 2573 nunc
806 2523 928 2589 agimus,
953 2519 982 2573 id

179 2582 267 2647 ipsum
279 2592 335 2647 est,
355 2586 429 2651 quod
439 2588 506 2639 utile
517 2591 683 2655 appellatur.
720 2591 750 2643 ln
761 2607 814 2658 qao
825 2592 908 2657 lapsa
918 2606 983 2643 con·

179 2653 298 2704 suetudo
315 2652 429 2707 deflexit
445 2655 480 2706 de
495 2657 555 2714 ria.
575 2662 732 2721 sensimque
748 2676 780 2713 cc
796 2660 918 2712 deducta
931 2666 982 2722 nst.
