2084 3025
314 154 401 209 rna.
419 149 453 210 ι’
476 156 562 211 oar.
581 156 606 212 1.
624 160 651 211 2.
685 122 690 129 ’
847 157 883 213 rt

73 258 148 312 haee
157 257 285 311 rideatur
297 260 399 313 orado:
420 261 511 314 dicam
522 269 624 324 tamen,
643 262 716 330 quod
726 261 833 326 senti03
854 268 882 315 et
942 247 955 263 ⁹

75 330 169 381 dicam
190 330 311 391 brevius,
333 332 414 397 qnam
435 346 480 384 res
497 339 576 384 tauta
591 332 645 382 dici
663 334 762 399 poscit.
798 331 883 383 Num·

75 413 161 467 quam
172 397 329 451 mehercule
342 415 394 468 ego
406 416 494 468 neque
504 403 636 469 pecunias
647 402 774 464 istorum,
792 417 881 468 neque

74 474 157 521 tecta
169 469 325 534 magnilica,
348 486 435 537 neque
446 487 526 537 opes,
548 487 636 538 neque
647 471 772 536 imperia,
792 485 883 538 nequo

75 554 136 600 eas,
149 539 247 604 quibus
259 540 378 591 maxime
388 540 517 593 adstricti
529 548 601 602 sunt,
611 540 782 605 voluptates,
793 540 821 590 in
833 542 883 592 bo·

75 608 122 658 nis
132 609 215 659 rebus
227 615 275 659 aut
285 610 448 676 expetendis
459 626 520 664 esse
532 610 613 661 duxi:
634 611 737 677 quippe
749 625 832 675 quum
843 609 883 660 vi·

76 676 222 739 darentur,
235 679 317 730 rebus
329 678 372 729 his
383 679 650 743 circumfluentibus,
661 695 695 730 ea
706 685 800 730 tamen
811 678 882 729 desi·

75 745 178 798 derare
189 748 318 810 maxime,
332 749 431 815 quibus
445 749 625 802 abundarent.
644 748 741 816 Neque
752 749 826 799 enim
837 761 883 798 ex·

74 815 173 884 pletur
183 824 322 887 umquam,
332 834 384 869 nee
395 821 514 871 satiatur
524 819 686 886 cupiditatis
697 817 772 868 sitis:
794 832 884 883 neque

76 886 184 954 solum,
205 902 239 938 ea
253 888 300 953 qui
311 885 426 952 liabent,
447 888 565 940 libidine
581 887 884 956 augendiycrueiantur,

78 954 225 1006 sedetiam
238 957 383 1017 amittendi
401 964 486 1009 metu.
522 958 547 1010 7.
568 959 598 1009 1η
610 973 664 1026 qno
681 956 809 1024 equidem
822 971 885 1005 con·

74 1024 328 1076 tinentissimorum
338 1025 489 1090 hominum,
498 1028 637 1078 maiorum
649 1034 816 1087 nostrorum,
826 1039 885 1076 sae·

74 1109 113 1163 pe
123 1093 237 1160 requiro
249 1095 432 1162 prudentiam,
444 1098 490 1163 qui
502 1095 572 1148 haee
582 1096 722 1149 imbecilla
728 1102 756 1148 et
762 1108 884 1147 commu·

74 1164 180 1215 tabilia
190 1163 332 1231 [pecuniae
343 1166 491 1233 membra],
513 1168 599 1218 verbo
610 1167 703 1218 Boua
716 1170 884 1234 putaverunt

76 1232 261 1301 appellanda,
278 1250 360 1300 quum
371 1250 402 1287 re
414 1250 446 1286 ae
457 1234 541 1287 factis
551 1237 635 1303 longe
646 1236 728 1287 aliter
738 1235 886 1285 iudicaris·

77 1307 151 1373 sent.
169 1301 301 1355 Potestne
312 1303 414 1354 bonum
426 1306 554 1372 cuiquam
565 1306 639 1356 malo
651 1304 729 1356 essel
740 1307 887 1369 autpotest

75 1374 224 1440 quisquam
238 1373 267 1423 in
279 1373 449 1425 abundantia
462 1375 599 1425 bonorum
615 1375 674 1440 ipse
691 1389 752 1425 esse
768 1372 887 1431 nunbu-

72 1441 148 1493 nusl
159 1444 241 1509 Atqui
253 1443 309 1495 ista
320 1444 414 1495 omnia
423 1445 494 1495 talia
505 1444 640 1506 videmus,
652 1452 683 1495 ut
694 1442 776 1495 etiarn
786 1441 887 1509 impro-

80 1512 110 1565 bi
119 1510 247 1576 taleam,
258 1524 284 1566 et
295 1514 385 1567 obsint
391 1515 495 1584 prolia.
532 1516 558 1567 8.
576 1514 761 1582 Quamobrem
774 1511 841 1563 licet
851 1511 887 1562 ir·

74 1582 185 1644 rideat,
206 1584 230 1633 si
247 1583 308 1649 quis
318 1585 391 1635 vult:
412 1585 474 1652 plus
485 1585 559 1651 apud
576 1599 620 1635 me
630 1590 726 1636 tamen
735 1597 802 1634 vera
811 1581 886 1633 ratio

75 1651 195 1714 valebit,
207 1667 287 1718 quam
299 1654 375 1722 vulgi
388 1654 494 1722 opinio:
508 1670 597 1722 neque
606 1669 659 1721 ego
670 1667 803 1720 umquam
812 1653 887 1703 bona
899 1655 903 1660 '

74 1720 233 1791 perdidisse
245 1722 347 1785 dicam,
357 1724 381 1774 si
393 1725 441 1792 qui
450 1740 536 1791 pecus
545 1730 596 1775 aut
608 1723 808 1789 supellectilem
819 1719 888 1772 ami·

6 1827 11 1832 -
76 1791 162 1844 serit:
191 1808 281 1859 neque
301 1809 356 1844 non
375 1810 459 1861 saepe
479 1794 600 1846 laudabo
621 1795 776 1860 sapientem
795 1791 886 1852 illum,

75 1861 218 1923 Biantem,
235 1868 266 1912 ut
279 1863 385 1929 opinor,
400 1866 448 1931 qui
459 1871 621 1916 numeratur
631 1865 660 1915 in
672 1870 792 1931 septemz
809 1862 887 1912 ouius

76 1945 163 1998 quum
175 1932 294 1997 patriam
306 1932 424 1986 Prienen
437 1935 558 2001 cepisset
568 1935 659 1986 hostis
664 1971 673 1996 ,
693 1933 833 1999 ceterique
843 1931 887 1981 ita

75 2000 218 2068 fugerent,
235 2008 267 2052 ut
279 2001 369 2054 multa
380 2003 415 2055 de
427 2005 485 2055 suis
495 2006 578 2056 rebus
588 2020 681 2056 seeum
694 2005 885 2070 asportarent:

77 2082 166 2138 quum
177 2078 250 2123 esset
261 2071 421 2124 admonitus
434 2074 596 2140 aquodam,
614 2081 646 2125 ut
657 2074 730 2125 idem
741 2073 801 2139 ipse
814 2070 886 2123 faee-

75 2145 134 2192 ret:
157 2139 303 2209 Egooero,
325 2142 424 2208 inquit,
438 2143 535 2214 focio:
560 2143 885 2209 namomnt'ameaporto
911 2199 914 2202 x

76 2216 190 2262 meeum.
212 2215 238 2263 tl.
250 2210 300 2263 llle
311 2209 380 2263 haee
390 2209 514 2265 ludibria
524 2212 653 2265 fortunae
664 2229 698 2265 ne
709 2229 762 2264 sua
771 2211 886 2278 quidem

74 2278 200 2347 putarit,
211 2295 342 2352 quaelnos
354 2283 529 2349 appellamus
540 2284 627 2335 etiam
637 2285 720 2335 bona.
743 2278 832 2342 'Quid
843 2285 895 2331 est-

74 2349 180 2416 igitur‚
201 2357 317 2416 quaeret
328 2352 442 2419 aliquis,
462 2351 584 2414 bonum?
605 2352 712 2419 Siquid
727 2358 803 2402 reete
814 2350 847 2399 fit
857 2354 887 2400 et

75 2417 197 2470 honeste
212 2426 241 2471 et
256 2435 317 2472 eum
328 2423 449 2484 virtute,
467 2422 498 2472 id
511 2424 582 2474 bene
593 2422 667 2484 fieri,
686 2435 751 2471 rere
768 2418 886 2480 dieitur3

76 2495 122 2551 et,
143 2489 217 2555 quod
232 2496 340 2541 rectum
355 2498 383 2543 et
394 2491 542 2543 honestum
552 2498 581 2543 et
592 2505 653 2543 eum
664 2487 768 2540 uirtute
781 2495 837 2548 est,
857 2485 887 2536 id

77 2558 171 2609 solum
191 2560 290 2626 opinor
305 2560 410 2614 donum·
445 2561 479 2614 11.
501 2559 544 2612 10.
564 2559 618 2612 Sed
634 2559 705 2611 haee
719 2557 808 2608 videri
824 2568 886 2620 pos-

76 2635 145 2680 sunt
158 2631 334 2696 obscuriora,
345 2646 427 2697 quum
438 2630 541 2682 lentius
552 2628 739 2695 disputantur.
766 2623 836 2675 Vita
846 2629 896 2673 at-‘

78 2709 135 2767 que
145 2696 228 2751 lactis
239 2699 407 2753 illustranda
416 2705 481 2752 sunt
494 2712 665 2751 summorum
675 2696 797 2748 virorum
808 2692 888 2749 haee,
933 2751 935 2754 ,
