2084 3025
245 143 326 197 ΜΒ.
344 144 366 195 1.
403 143 486 196 CAP.
505 142 547 198 30.
562 141 605 196 31.
770 140 821 196 307

28 243 153 298 decoram
163 242 326 308 111ιιι1,1(1ιο,
338 246 405 312 qru’a
413 245 483 300 nihil
495 246 575 298 decet
584 246 722 308 inritamt
732 244 822 308 aiunt)

27 314 161 374 liliaerra,
183 312 212 363 id
228 321 285 377 est,
305 314 470 368 adversante
485 322 515 366 et
530 324 699 384 repugnante
714 322 823 366 natura.

28 379 82 446 111.
97 382 215 433 Omnino
225 384 250 434 si
262 383 410 450 quidquam
422 392 465 436 est
475 385 615 447 decorum,
626 383 694 435 nihil
707 390 749 436 est
762 398 822 450 pro·

27 449 98 501 fecto
109 451 208 516 magis,
228 467 309 518 quam
321 454 504 519 aequabilitas
514 456 658 507 universae
667 454 749 514 vitae,
763 461 822 503 tam

27 520 195 585 singidonum
207 523 363 572 actionum:
385 538 466 589 qaam
479 539 648 575 conservare
658 537 711 574 non
723 521 823 587 passis,

27 589 59 651 si,
71 589 188 640 aliorum
199 597 326 642 naturam
337 591 459 653 inritans,
475 593 589 643 anrittas
599 599 683 643 tuam.
703 592 740 641 Ut
750 591 823 642 enim

27 673 149 709 sermone
161 673 195 708 oo
204 658 337 711 desem
347 662 398 723 ati,
416 657 463 727 qui
475 669 558 712 notus
569 668 612 712 est
621 660 709 721 nohis,
730 675 772 720 ne,
791 664 824 709 ut

28 726 145 794 quidam,
156 726 266 780 Graeca
276 731 360 781 rerba
368 729 540 782 inculcantes
550 731 609 780 iure
620 729 725 794 optimo
736 727 824 779 ridea·
914 747 916 752 ¹

28 809 97 846 arur:
120 796 162 847 sic
179 797 208 847 in
225 799 349 851 actiones
360 814 524 866 omnemque
537 800 634 859 vitam,
655 796 759 847 nullam
771 796 826 845 dis·

28 865 196 931 crepantiam
210 868 335 920 conferre
346 868 487 919 debemus.
525 866 582 919 112
598 869 686 933 Atque
697 863 764 916 haec
774 861 827 914 dii·

28 932 144 988 ferentia
163 942 323 989 naturarum
338 943 445 990 tantam
461 935 545 988 lrabot
560 937 629 996 rim,
650 941 681 986 ut
696 946 827 985 nonnum·

29 1018 108 1069 quarn
128 1011 246 1057 mortem
268 1006 395 1072 sibiipsa
411 1007 584 1058 consciscere
600 1005 699 1072 aliquis
717 1004 826 1063 debent,

28 1072 134 1124 nliusin
146 1072 242 1125 eadem
254 1090 417 1128 caussanon
430 1076 539 1131 debeat.
558 1075 715 1129 Numenius
728 1073 786 1124 alia
795 1072 825 1122 in

29 1156 124 1193 caussa
133 1141 175 1193 M.
185 1143 254 1194 Cato
261 1142 328 1207 tuit,
338 1145 396 1197 alia
406 1146 502 1209 ceteri,
517 1147 563 1212 qui
573 1162 604 1197 se
614 1145 643 1196 in
653 1143 747 1195 Africa
758 1144 824 1195 Cae·

28 1211 81 1261 sari
95 1210 289 1264 tradideruutl
307 1215 390 1281 dtqrri
402 1216 501 1266 ceteris
516 1214 635 1265 forsitan
648 1214 720 1264 sitio
730 1212 825 1264 datum

29 1287 107 1344 esset,
127 1281 152 1329 si
160 1297 193 1333 sc
202 1282 423 1344 interemissent,
438 1290 589 1350 propterea
599 1282 671 1349 quod
681 1281 770 1332 lenior
781 1295 827 1333 eo·

27 1362 86 1400 rum
101 1350 175 1412 rita,
198 1357 226 1402 et
237 1366 327 1404 mores
348 1351 459 1404 fuerant
477 1352 634 1406 faciliores:
657 1351 757 1400 Catoni
779 1364 828 1400 au·

27 1425 81 1470 tem
92 1434 175 1485 quum
188 1421 379 1476 insensibilem
390 1420 535 1474 tribuisset
542 1428 642 1475 natura
649 1418 827 1486 gravitatem

29 1503 141 1556 eamque
151 1488 211 1557 ipse
222 1500 356 1558 perpetua
367 1491 522 1547 constantia
532 1493 702 1551 roborasset,
709 1501 828 1553 semper·

28 1574 78 1625 quc
88 1559 122 1611 in
132 1562 276 1625 proposito
291 1569 475 1629 susceptoque
493 1561 610 1614 consilio
623 1555 828 1625 permansisset,

28 1628 202 1680 moriundum
215 1632 321 1694 potius,
341 1646 423 1698 qaam
437 1631 552 1697 tyranni
566 1630 660 1680 vultus
676 1625 828 1692 adspicien-

28 1696 76 1747 (1118
86 1697 150 1754 fuit·
184 1694 248 1755 11&
259 1700 354 1763 llam
370 1701 459 1756 multa
469 1715 567 1765 passus
578 1704 621 1751 est
632 1698 725 1750 Ulixes
737 1696 764 1745 in
776 1694 828 1745 illo

28 1780 120 1819 errore
132 1766 274 1831 diuturna,
282 1785 366 1835 quarn
379 1777 407 1820 et
418 1770 588 1829 mulieribus,
599 1767 640 1831 (si
650 1767 729 1818 (lirae
739 1771 767 1817 et
779 1764 828 1815 Ca·

27 1833 106 1900 lypso
119 1835 257 1891 mulieres
271 1839 451 1904 appellandae
461 1844 556 1900 sunt,)
577 1838 737 1896 inserviret,
759 1840 787 1885 et
797 1833 828 1884 ia

27 1905 101 1961 omni
111 1920 240 1963 sermone
252 1908 377 1960 omnibus
389 1908 572 1959 affabilem-se
582 1922 642 1959 esse
654 1903 750 1957 velletl
771 1902 827 1955 Do·

26 1972 62 2023 mi
77 1988 145 2029 nero
155 1974 239 2025 etiam
251 1977 434 2031 contumelias
449 1992 592 2030 serrorum
608 1974 827 2041 ancillarumque

24 2042 149 2106 pertulit,
170 2050 203 2094 ut
213 2043 249 2100 ad
260 2044 289 2096 id
301 2046 461 2112 aliquando,
472 2044 546 2112 quod
557 2045 692 2111 cupiebat,
703 2042 829 2111 perreni-

23 2117 74 2161 ιιι.
110 2112 147 2163 At
154 2112 241 2174 Aiax,
262 2129 314 2179 quo
326 2115 417 2166 animo
429 2115 563 2176 traditur,
582 2114 682 2167 millies
694 2119 826 2179 oppetere

23 2185 151 2241 mortem,
161 2196 244 2247 quam
256 2182 305 2234 illa
315 2185 432 2250 perpeti,
444 2183 597 2236 maluisset.
617 2185 694 2244 Quae
706 2190 826 2233 urentem·

22 2247 132 2312 plantes
154 2250 310 2316 expendere
331 2253 486 2318 oportebit,
508 2247 574 2318 qaid
595 2252 710 2318 quisquo
723 2249 827 2302 lrabeat

15 2316 76 2370 'sair
87 2334 178 2384 eaque
188 2319 335 2385 moderari,
346 2338 399 2372 nea
406 2321 479 2377 velle
490 2321 619 2387 experiri,
627 2336 710 2387 qrram
719 2336 749 2371 se
760 2318 826 2370 alie-

23 2387 198 2443 neslcceant
234 2385 266 2441 ld
279 2391 351 2442 enirn
361 2390 480 2441 maxime
490 2405 626 2456 quemquo
638 2389 731 2449 decet,
747 2386 826 2453 quod

22 2457 213 2522 esteuiusque
231 2459 349 2515 manime
359 2474 446 2511 suum.
482 2456 543 2510 114„
562 2457 646 2515 Suam
657 2457 745 2521 igitar
755 2455 828 2519 quis·

22 2525 346 2590 coenomanensium,
364 2541 511 2594 acremque
524 2543 554 2578 se
563 2533 593 2578 ct
603 2528 738 2576 bonorum
749 2528 778 2573 et
787 2522 829 2570 vi·

21 2592 130 2646 tiorum
152 2609 266 2649 suorum
287 2596 406 2649 iudicem
421 2593 566 2659 praebeat:
587 2609 622 2644 ae
639 2590 742 2670 scenio}
755 2589 828 2667 plus,

21 2676 105 2727 quam
121 2678 189 2726 uos,
205 2662 358 2723 *videantur
371 2664 474 2723 habero
485 2662 660 2735 prudentiae.
694 2657 743 2709 lllr
755 2670 827 2708 erum
877 2707 881 2717 ,
