2084 3025
202 132 236 185 ‚4
389 127 450 185 nn
467 128 640 189 Norunt
656 105 863 202 nnouult'

214 236 244 287 in
257 246 458 303 puteanorum
475 235 573 288 tonum
587 234 727 303 Epicurus
744 233 841 303 ponit5
861 247 945 299 neque
964 245 1028 283 reno

216 303 316 356 doloris
330 302 455 356 vacuitas
470 315 521 374 ortt
532 304 799 426 osnducEscticitotie
808 318 877 355 «auce
888 300 1026 370 cogitatio

218 373 308 425 beator
319 389 363 425 eoa
372 370 480 439 efficere
490 383 590 440 potest.
654 383 666 434 t
677 389 758 440 quum
768 386 870 441 semper
877 374 1028 440 pulsentur

218 442 372 495 incursione
381 451 547 505 atomorum,
568 452 595 493 et
603 442 735 524 imagines
751 460 784 496 ex
794 443 861 510 ipsit
869 454 974 509 aertrpcr
986 440 1030 511 ef·

213 511 318 582 fluant,
335 512 723 581 conpescuntnonintertttun
735 512 844 574 timere,
863 507 1030 579 quodlects‘·

219 581 310 632 tudini
348 582 408 633 lane
428 589 574 649 reponent.
596 598 620 633 c.
636 578 766 635 37—41.
808 580 940 645 Quoniam
961 589 1038 630 aero

326 598 401 702 flens
412 622 591 703 introducunt
600 649 741 717 Epicurei,
763 653 863 704 nullom
874 648 967 701 rerum
979 646 1031 699 ltus·

219 650 317 701 otiosos

219 735 361 772 manorum
376 719 635 783 citramontana,
656 720 727 772 nillil
746 719 864 773 hostanes
883 718 1030 776 iuonntest

217 801 321 842 monem
331 789 504 842 sanctitatem
515 799 543 841 et
554 791 680 841 odoereut
691 788 762 842 Deos
770 790 913 859 pietatem,
932 803 1029 855 quaut-

217 873 299 929 pucm
310 858 519 927 cerbispcnunt,
533 868 624 911 tanton
634 877 663 912 re
674 862 781 912 tollunt.
798 877 822 911 c.
833 859 877 914 42
885 873 949 944 sqq,>

139 1059 144 1064 ,
218 995 240 1051 l.
252 992 278 1047 1.
290 955 394 1057 Quum
415 996 519 1048 multae
540 1010 585 1046 res
604 996 634 1046 in
653 992 832 1063 philosophia
851 1007 1029 1061 nequaquam

190 1117 194 1128 ,
221 1066 291 1117 satis
302 1065 392 1117 adhuc
403 1066 559 1130 explicatae
570 1072 644 1129 sunt,
665 1064 914 1131 tumperdiffieilis,
929 1062 1030 1124 Brute,

220 1134 307 1201 (quod
315 1140 350 1185 tu
359 1134 473 1185 minime
483 1136 616 1202 ignorem)
629 1141 658 1187 et
668 1135 836 1202 perobscura
846 1132 975 1202 quaestio
987 1137 1032 1184 est

222 1204 368 1257 denatura
376 1203 514 1255 Deorum:
524 1217 595 1272 qnae
606 1210 635 1256 et
645 1205 681 1256 ad
691 1205 862 1273 agnitionem
873 1202 960 1255 animi
969 1198 1032 1270 pul·

223 1272 360 1326 dremima
369 1278 422 1334 est,
433 1279 462 1324 et
472 1273 507 1324 od
512 1274 716 1328 moderandam
726 1269 891 1343 religionem
901 1287 1031 1325 necessa·

221 1343 274 1394 ria.
310 1342 353 1393 De
368 1357 422 1409 qua
436 1349 494 1395 tam
507 1344 604 1396 variae
620 1350 685 1395 sunt
701 1344 925 1397 doctissimorum
938 1340 1031 1394 homi·

223 1428 288 1462 num
298 1417 411 1478 tamque
427 1412 617 1479 discrepantes
635 1416 805 1479 sententiam
826 1421 858 1464 ut
872 1427 976 1480 magno
989 1423 1031 1462 ar·

223 1487 358 1552 gumento
368 1496 429 1534 esse
440 1482 553 1545 debeat,
576 1496 716 1545 caussam,
736 1482 777 1552 [id
787 1491 838 1546 est,
860 1481 1030 1551 principium

222 1551 436 1619 philosophiae]
453 1568 513 1604 esse
532 1553 722 1614 inscientiam,
740 1553 945 1620 prudenterque
962 1554 1032 1603 Aca·

224 1622 349 1675 demicus
371 1637 391 1672 a
409 1622 492 1674 rebus
512 1623 627 1675 incertis
652 1625 839 1675 assensionem
861 1622 1031 1674 cohibuisse,

186 1730 188 1735 ,
224 1691 299 1753 Quid
315 1697 357 1744 est
371 1691 443 1744 enim
459 1694 620 1744 temeritate
634 1692 759 1758 turpius?
779 1698 827 1743 aut
843 1693 909 1758 quid
919 1698 1031 1744 temte-

223 1763 375 1812 merarium
390 1767 504 1829 tamque
517 1761 663 1827 indignum
683 1760 818 1824 sapientis
834 1763 976 1824 gravitate
992 1766 1032 1811 at·

225 1845 278 1897 que
288 1833 452 1894 constantia,
473 1845 555 1898 quam
568 1829 725 1879 autfalsum
737 1828 852 1888 sentire,
876 1832 932 1889 aut,
954 1825 1032 1896 quod

224 1902 360 1952 nonsatis
372 1900 516 1967 explorate
528 1904 686 1965 perceptum
697 1897 735 1946 sit
749 1901 777 1947 et
792 1894 948 1960 cognitum,
970 1898 1032 1949 sine

224 1969 286 2022 ulla
296 1970 470 2021 dubitatione
482 1965 648 2019 defenderet
661 1964 818 2017 avolatio
828 1964 881 2017 hac
891 1969 1032 2033 quaestio·

225 2056 275 2102 ne,
295 2040 421 2106 plerique
442 2036 527 2104 (quod
547 2036 669 2087 maxime
688 2033 839 2088 verisimile
861 2041 904 2088 cst
924 2042 954 2088 et
976 2047 1031 2104 quo

227 2124 322 2160 onsnes
338 2107 408 2158 duee
422 2112 524 2156 natura
542 2096 689 2168 velitatum)
709 2104 785 2156 Deos
807 2121 867 2158 esse
887 2105 1032 2159 dixeruntt

226 2177 355 2229 dubitare
371 2189 401 2227 se
412 2174 595 2241 Protagoras:
615 2174 707 2226 nullos
727 2190 789 2226 esse
801 2176 913 2227 omnino
925 2176 1032 2244 Diago-

226 2262 274 2299 ras
293 2245 396 2297 Melius
421 2248 450 2295 et
470 2243 637 2296 Theodorus
663 2246 832 2312 Cyrenaicus
854 2250 1031 2313 putaverunt.

227 2315 283 2376 Qui
292 2329 359 2365 vero
369 2314 445 2365 Deos
456 2329 517 2367 esse
529 2314 669 2378 dixerunt,
690 2321 771 2367 tanta
785 2317 885 2368 suntin
896 2318 1031 2368 varietate

227 2400 261 2436 ac
274 2383 460 2448 dissensione,
480 2391 513 2436 ut
527 2397 623 2438 eorum
638 2384 785 2437 molestum
802 2388 840 2437 sit
856 2385 1031 2438 dinumerare

152 2482 154 2493 ›
226 2452 389 2505 sententias.
425 2452 497 2506 Nam
514 2462 543 2507 et
559 2455 594 2508 de
609 2456 706 2524 liguris
717 2456 856 2519 Deorum,
876 2453 1030 2507 etdelocit

224 2527 309 2588 atque
319 2522 432 2576 sedibus
444 2531 472 2577 et
482 2526 592 2578 actione
602 2526 677 2580 vitae
688 2526 778 2578 multa
787 2524 929 2588 dicuntum
941 2524 1030 2592 deque

224 2588 269 2642 his
280 2593 620 2665 summaphilosophorum
628 2597 801 2650 dissensione
807 2599 943 2649 certatur:
955 2588 1029 2664 quod

224 2673 291 2713 vero
301 2664 422 2720 mamma
433 2681 492 2721 rem
504 2682 684 2739 caussamque
700 2667 837 2730 continet,
855 2671 949 2718 utrum
959 2659 1026 2718 nthil
