2084 3025
202 122 236 176 a
370 97 838 192 '=ouunruaauuonui1
861 115 863 118 ’

213 226 244 277 s'n
257 239 314 293 pao
327 237 458 277 comittunt
475 225 573 277 iontem
587 226 727 294 Epicurus
743 224 841 294 ponit5
860 237 945 290 neque
964 234 1029 274 tons

216 293 316 346 doloris
330 294 455 346 emeritos
470 304 520 345 ottt
532 295 799 417 csmdocqselicitatis
808 310 876 345 cuce
888 290 1017 360 cogitatio

217 362 308 415 beatos
319 379 362 415 eos
371 360 479 429 efficere
490 372 590 430 potest.
654 373 666 423 t
677 380 758 429 quom
768 375 870 431 semper
877 364 1029 430 pulsentur*

218 431 372 485 incursione
380 442 547 493 atomorum,
567 433 734 503 etitnogc‘nes
751 433 972 500 exipsittcmper
984 427 1021 500 es·

213 501 317 572 fluant,
334 519 388 555 non
394 511 509 570 potsunt
518 519 571 554 nott
581 503 722 554 interitum
735 502 844 564 timere,
861 501 933 569 qaod
940 496 1022 550 leoti-

219 571 310 623 tudt'nt'
348 572 408 623 lone
427 580 573 639 repravant,
595 588 620 623 c.
635 570 669 623 37
677 585 712 610 ·-
722 569 766 625 41.
808 570 940 635 Quoniam
960 577 1028 619 otro*

219 640 317 691 otiosm
356 656 401 691 eos
412 612 590 693 introducunt
600 640 741 708 Epicurei,
762 644 863 694 nullam
874 638 966 690 teritos
976 636 1022 688 ho-

219 725 361 761 munorum
375 726 472 761 cccrum
489 709 634 773 habentes,
655 710 726 763 nitio
745 709 864 763 ltottn'nes
883 708 1023 765 iuootttcst

217 791 320 832 monem
330 779 504 831 sanctitatem
515 788 543 831 et
553 781 679 832 edomant
689 779 762 832 Deos
770 780 913 849 pietatem,
932 793 1022 846 qoam·

217 863 299 919 quom
309 848 519 917 aethioponont,
532 858 623 903 tornea
633 868 663 903 re
673 853 780 903 tollunt.
799 866 821 901 c.
832 849 876 906 42
885 863 941 917 tqq.

138 1049 143 1054 ⁴
217 982 276 1041 1.1.
289 945 394 1047 Quum
414 985 519 1039 multae
539 1001 584 1037 res
603 986 633 1037 in
653 983 831 1054 philosophia
850 998 1023 1053 nequaquam

189 1106 193 1118 ,
220 1056 290 1107 satis
301 1055 392 1108 adhuc
403 1056 559 1122 explicatae
570 1063 643 1120 sant,
664 1063 723 1106 tum
734 1055 914 1122 perdifficilis,
929 1054 1025 1122 Brute,

220 1125 306 1191 (quod
314 1131 349 1176 tu
358 1125 472 1176 minime
483 1127 615 1193 ignoras)
628 1132 658 1177 et
667 1125 835 1192 perobscura
846 1124 972 1194 quaestio
984 1129 1026 1176 est

221 1194 256 1247 de
265 1200 367 1247 natura
376 1194 513 1245 Deorum:
524 1209 594 1263 quae
606 1200 634 1247 et
644 1196 680 1247 ad
690 1195 862 1263 agnitionem
872 1193 958 1245 animi
966 1189 1026 1260 pul·

222 1262 359 1318 cherrima
368 1269 421 1325 est,
433 1271 461 1314 et
472 1264 715 1319 admoderandam
725 1261 890 1332 religionem
901 1278 1026 1315 necessa

220 1334 273 1385 rin.
309 1333 353 1385 De
366 1347 422 1399 qua
435 1341 494 1387 tam
507 1335 604 1386 variae
619 1341 684 1385 sunt
700 1334 926 1385 doctissimorum
938 1332 1027 1385 homi·

222 1417 287 1453 num
297 1408 411 1470 tamque
427 1403 616 1469 discrepantes
634 1405 804 1467 sententiae3
826 1410 858 1454 ut
872 1417 975 1470 magno
987 1415 1028 1453 ar·

222 1478 356 1542 ffirnrento
367 1487 428 1525 esse
439 1472 553 1536 debeat,
575 1473 715 1534 caussam,
736 1471 776 1540 [id
786 1481 837 1535 est,
859 1472 1028 1541 principium

221 1542 436 1611 philosophiae]
452 1559 513 1595 esse
532 1543 720 1603 inscientiam,
740 1543 950 1609 prudenterque⁸
962 1545 1029 1594 Aca·

223 1613 348 1666 demicus
371 1629 390 1664 a
409 1613 492 1665 rebus
512 1613 626 1664 incertis
652 1613 838 1663 assensionem
860 1612 1029 1663 cohibuisse.

185 1718 187 1723 .
223 1682 298 1743 Quid
314 1690 357 1735 est
371 1682 443 1735 enim
459 1684 619 1733 temeritate
634 1681 759 1746 turpius?
778 1686 827 1732 aut
842 1682 908 1749 quid
919 1687 1029 1735 comto

222 1753 374 1802 meracium
390 1758 504 1816 tamque
516 1750 662 1814 indignum
683 1750 818 1815 sapientis
834 1753 1028 1816 gravitatem

224 1834 277 1887 ipre
287 1820 451 1879 constantia,
472 1831 555 1883 quam
568 1816 725 1868 autialsum
737 1822 852 1881 sentire,
874 1823 930 1880 aui,
953 1818 1028 1886 quod

223 1889 359 1939 nonsatis
371 1887 515 1952 explorate
527 1893 686 1952 perceptum
697 1889 734 1939 ait
749 1895 777 1942 et
792 1886 947 1955 cognitum,
970 1889 1028 1942 sint

223 1957 284 2009 ulla
294 1957 469 2008 dubitatione
482 1954 648 2008 defenderet
661 1957 687 2009 2.
696 1956 779 2011 Velut
788 1961 818 2011 in
828 1959 881 2010 hac
891 1960 1028 2026 quaestio

224 2043 274 2089 ne,
294 2026 421 2094 plerique
441 2026 527 2095 (quod
547 2027 669 2080 maxime
688 2029 839 2081 verisimile
860 2034 903 2080 est
924 2033 954 2080 ct
977 2041 1028 2096 qu(

226 2111 322 2148 omnes
337 2095 407 2149 duce
422 2102 523 2148 natura
542 2088 688 2160 velintne)
709 2097 785 2150 Deos
806 2113 867 2148 esse
887 2095 1023 2151 dixerunt

225 2165 354 2218 dubitare
370 2180 400 2217 se
411 2164 595 2234 Protagoras:
615 2167 707 2218 nullos
726 2181 789 2217 esse
800 2167 913 2217 omnino
925 2168 1027 2236 Diago·

225 2251 273 2287 ras
292 2236 395 2287 Melius
420 2240 449 2288 et
469 2236 637 2288 Theodorus
662 2236 832 2303 cyrenaicus
854 2242 1027 2303 putaverunt

227 2305 282 2367 Qui
292 2321 358 2358 vero
368 2305 444 2357 Deos
456 2320 517 2358 esse
528 2306 669 2368 dixerunt,
690 2309 770 2356 tanta
784 2312 848 2358 sunt
857 2307 885 2356 in
895 2308 1027 2360 varietas

227 2390 261 2426 ac
273 2375 459 2439 dissensione,
479 2382 511 2426 ut
527 2388 622 2428 eorum
637 2375 784 2425 molestum
802 2378 839 2426 sit
855 2375 1026 2430 dinumerari

150 2472 152 2483 ι
225 2445 388 2498 sententias.
424 2444 498 2497 Nam
513 2452 543 2497 et
559 2445 593 2497 de
608 2444 705 2510 figuris
716 2444 855 2509 Deorum,
875 2452 904 2497 et
915 2444 950 2497 de
961 2447 1026 2501 loci

223 2521 309 2583 atque
319 2515 431 2567 sedibus
443 2521 471 2568 et
481 2515 591 2566 actione
601 2513 676 2564 vitae
687 2513 776 2565 multa
786 2513 929 2581 dicontur3
941 2516 1026 2587 dequo

223 2580 269 2635 his
279 2582 619 2655 summaphllosophorum
627 2582 800 2636 dissensione
806 2590 943 2638 certaturz
956 2603 1026 2655 quot

223 2664 290 2705 tero
300 2656 421 2708 maxime
432 2668 491 2708 rem
503 2666 683 2721 caussamque
698 2653 835 2719 continet,
854 2662 949 2708 utrum
960 2656 1023 2711 nihi
