2084 3025
157 190 162 197 ,
189 111 242 166 122
371 108 427 171 uu
445 104 833 169 asroanuaoaou

188 214 399 286 praestabilius,
417 212 483 281 quid
497 213 571 266 inter
580 214 708 272 natamus
715 218 748 264 et
757 213 898 265 rationum
908 213 1007 277 inter.

186 288 240 348 ait,
259 300 314 336 uon
330 284 517 353 distinguitur.
553 282 682 348 idemque
694 281 717 339 si
727 282 783 334 Dei
794 284 930 347 nonsint,
954 302 1009 341 no·

188 363 238 424 gat
252 370 313 406 esse
329 354 450 405 inomni
470 358 571 404 natrrra
592 351 742 419 quidquam
757 351 867 404 bomine
883 355 1008 409 melius.

186 426 608 493 ldautsmputarequamquam
626 419 777 485 homiuem,
797 421 866 477 nihil
880 421 1010 477 homine

188 509 250 548 esse
264 492 378 553 melius,
397 507 521 544 summae
536 491 714 560 arrogantiae
730 498 824 543 causet
842 508 915 545 esse.
959 493 1009 547 Sit

187 579 254 616 sano
269 562 441 628 arrogantis,
461 561 596 628 pluriora
617 566 728 633 putare,
747 576 829 626 quam
844 562 1009 619 mundium.

186 635 223 686 At
239 631 311 683 illud
326 646 381 681 uon
396 630 479 681 modo
493 646 550 685 non
563 630 735 696 arrogantis,
755 629 804 682 sed
819 632 915 696 potius
932 647 1009 698 pru-

188 702 293 764 dentis,
312 700 484 766 intelligere,
505 715 536 751 se
551 698 654 751 habore
669 714 779 749 sensum
796 706 824 750 at
839 701 1008 767 rationem3

187 770 364 824 bacceadam
375 770 507 821 Orionem
524 774 552 820 et
561 766 722 820 Caniculam
732 783 786 820 non
798 767 911 822 habere,
952 772 1008 836 Et,

187 842 213 896 ti
224 842 314 894 domus
320 838 494 908 pulchrarit,
504 838 689 907 intelligamus
699 854 759 889 eom
768 838 889 901 docuistis,
894 840 1009 906 inquit,

187 911 362 981 aedificatam
378 925 445 972 etse,
465 925 519 963 aaa
534 907 661 960 mombar.
700 905 747 962 sie
760 907 850 974 irritor
866 911 1009 965 orandum

186 979 309 1034 Deorum
320 980 425 1032 domum
434 976 729 1030 existimoredebemus.
757 977 802 1028 lta
810 993 926 1044 prorsus
940 982 1010 1033 exi·

187 1051 341 1112 stimaram,
352 1049 377 1098 si
386 1047 467 1098 iilum
479 1046 666 1109 aedificatum,
686 1061 750 1108 non,
762 1046 1011 1112 quemadmodum

122 1114 125 1117 ’
187 1118 439 1181 docebo,anatura
449 1114 653 1168 conformatum
663 1123 799 1182 putarem.
823 1136 827 1147 ·

240 1188 288 1243 xl.
306 1189 349 1239 27.
367 1188 404 1237 At
420 1187 494 1238 anim
509 1187 620 1253 quaerit
634 1185 709 1252 apud
718 1185 936 1253 Xenophontem
949 1188 1012 1246 So-

186 1263 292 1320 erotas,
311 1255 383 1308 unde
402 1255 526 1307 animum
537 1255 748 1322 arripuerimus,
768 1255 897 1307 sinullus
908 1256 1013 1312 fucrit

183 1328 217 1381 in
232 1325 345 1378 mundo.
381 1325 419 1377 Ea
436 1340 489 1392 ego
505 1341 626 1393 quaero,
644 1324 900 1388 uudoorationam,
921 1328 1013 1384 unda

185 1411 330 1458 numeros,
349 1394 423 1446 unda
440 1402 547 1448 cantus.
583 1395 647 1448 Nisi
660 1409 726 1446 vero
742 1394 819 1463 loqui
829 1395 921 1447 solem
932 1412 1012 1454 eum

185 1465 253 1519 luna
262 1471 411 1534 putamus„
423 1479 506 1533 quum
516 1465 631 1533 propius
643 1465 805 1534 accesserit,
823 1471 871 1518 out
884 1465 922 1517 ad
933 1465 1012 1522 har-

185 1538 307 1590 moniam
323 1550 423 1589 cauere
439 1537 583 1599 mundum,
603 1540 636 1587 ut
647 1534 823 1603 Pythagoras
837 1536 1011 1594 existimat.

185 1606 311 1660 Naturae
328 1608 385 1658 ista
401 1610 476 1668 suut,
497 1605 600 1667 Balbe,
620 1611 749 1666 naturae,
769 1621 823 1657 uon
838 1606 1013 1665 artificioso

186 1676 366 1738 ambulantis,
386 1681 418 1726 ut
428 1674 470 1726 ait
480 1675 565 1737 Zeno,
577 1674 651 1741 quod
663 1674 773 1740 quidem
784 1675 865 1742 quale
875 1678 926 1739 sit,
938 1677 1011 1733 ianr

185 1746 352 1806 ridebimus,
373 1743 422 1794 sed
433 1744 529 1793 omnia
537 1744 637 1795 cientis
648 1750 676 1794 ot
686 1745 820 1811 agitantis
831 1746 964 1798 msrtibue
976 1757 1012 1802 ct

185 1814 383 1866 mutationibus
395 1811 461 1862 suis.
490 1812 534 1863 28.
546 1812 642 1878 itaquo
653 1812 704 1863 illa
714 1812 782 1863 mihi
793 1814 924 1879 placebat
933 1832 1012 1871 ora·

162 1915 164 1920 ,
183 1880 226 1935 tio
238 1883 272 1934 dc
282 1879 478 1950 convenientia
487 1894 675 1947 consensuque
684 1888 808 1944 naturae,
820 1899 903 1949 quam
914 1889 1012 1952 quasi

184 1951 352 2021 cognatione
372 1949 563 2001 continuatam
584 1953 743 2017 conspirare
760 1952 882 2005 dicebas.
921 1956 1012 2011 iilud

183 2036 240 2075 non
254 2018 422 2088 probabam,
443 2018 517 2085 quod
534 2020 656 2087 negabas
670 2020 700 2072 id
715 2022 842 2074 accidere
857 2025 1011 2093 potuisse,

184 2091 240 2142 nisi
259 2104 361 2146 cauno
379 2088 474 2140 divino
494 2089 597 2156 spiritu
618 2090 817 2143 contineretur.
855 2092 911 2145 llla
929 2110 1011 2149 vero

185 2159 317 2212 cohaeret
327 2164 356 2211 ct
365 2164 636 2225 parmauetnaturac
647 2160 766 2222 viribus,
788 2162 1010 2219 mancorum

185 2235 282 2295 estque
297 2228 326 2279 iu
339 2243 375 2280 ea
389 2229 444 2279 iata
454 2227 534 2295 quasi
542 2244 693 2280 consensus
698 2266 706 2292 ,
728 2245 811 2296 quam
822 2232 1015 2296 συμπάθειαν

185 2298 285 2351 Graeci
295 2304 410 2350 vocant:
432 2297 481 2349 sed
492 2314 534 2359 aa,
556 2313 610 2366 quo
621 2314 672 2350 sua
681 2305 781 2364 sponte
791 2299 883 2351 maior
893 2304 953 2364 est,
966 2317 1010 2357 co

108 2413 117 2434 ,
185 2367 276 2419 uriuus
288 2368 382 2419 divina
392 2367 503 2420 ratione
514 2368 576 2418 fieri
585 2368 771 2420 existimanda
781 2376 834 2421 est.

237 2436 297 2489 ΧΠ.
316 2438 359 2490 29.
377 2438 433 2488 illa
452 2444 560 2498 autem,
579 2453 650 2503 quae
669 2439 825 2490 Carneades
846 2438 1014 2514 afferebat,

185 2506 421 2573 quomadmodum
428 2505 599 2557 dissoivitiri
613 2505 643 2558 Si
654 2507 760 2559 nullum
771 2510 1016 2575 corpusimmor-

179 2576 304 2638 talosit,
323 2574 431 2626 nullum
447 2590 507 2627 esso
525 2589 625 2641 corpus
639 2578 846 2643 sempiternum.
884 2581 1015 2649 Corpus

187 2650 279 2697 autam
298 2643 459 2700 immortale
474 2644 581 2708 nullum
596 2660 671 2712 essa,
692 2663 727 2701 no
741 2648 918 2700 individuum
936 2653 1014 2719 qui-
