2084 3025
128 96 185 153 92¹
303 118 305 121 ψ
367 75 683 172 ni'rbrrrronu
781 154 784 160 ¹

128 200 206 255 cuius
227 197 332 265 primus
355 196 390 248 ad
411 196 611 264 rempublicam
631 194 723 246 aditus
743 196 772 246 in
793 194 933 262 equitibus

128 268 263 323 Ronlanis
274 266 431 319 occidendis
443 266 506 319 fuit.
522 265 741 332 Namillis‚quos
751 266 935 328 meminimus,

129 337 231 400 Gallis,
252 337 374 405 quitum
384 337 554 391 Titiniorum
570 352 604 387 ec
613 336 784 389 Nanniorum
800 351 834 388 ae
845 337 937 386 Tanu-

129 408 235 459 siorum
247 406 340 473 capita
351 408 507 471 demebant,
517 406 597 458 Sulla
607 421 690 456 unum
696 406 846 457 Catilinam
858 407 936 470 prae·

128 475 244 540 fecerat,
265 477 294 529 in
306 478 406 546 quibus
416 478 465 531 ille
477 475 618 529 homiuem
630 477 774 543 optimum,
796 475 829 536 Q.
842 475 936 525 Caeci·

128 546 206 609 liunt,
222 547 327 601 sororis
338 549 516 618 superbum,
537 549 659 615 equitem
669 546 834 607 Romanum,
851 545 939 595 nulla·

128 630 190 671 rum
202 618 333 684 partium,
344 632 549 686 quumsemper
558 624 667 679 natura,
678 622 738 666 turn
749 615 834 666 etiam
845 619 939 667 aetate

129 687 185 741 iem
206 687 346 754 quietum,
367 690 424 739 suis
440 689 569 741 manibus
586 687 699 739 occidit.
733 685 781 736 lll.
799 684 875 745 Quid
886 698 940 750 ego

130 772 202 815 nunc
213 757 318 821 dicam,
340 766 437 826 petere
447 773 509 810 eum
520 758 719 820 Consulatum,
739 755 788 821 qui
798 753 946 817 bominem·

130 826 303 883 carissimum
316 829 418 894 populo
429 828 565 891 Romano,
576 827 751 887 bibianum,
761 826 939 891 inspectante

128 897 233 965 populo
245 897 379 959 Romano,
397 898 502 949 ritibus
512 913 563 964 per
572 903 663 948 totam
674 896 776 947 Urbem
787 891 940 948 ceciderit!

130 966 167 1021 ad
181 966 293 1019 bustum
309 964 414 1034 egeriti
433 968 474 1020 ibi
489 968 565 1019 omni
578 968 708 1021 ,cruciatu
718 966 816 1017 rivum
832 965 940 1016 lacera·

129 1035 184 1093 riti
201 1036 288 1089 stanti
301 1037 403 1087 collum
413 1037 510 1106 gladio
521 1036 700 1087 suadentem
708 1035 840 1095 secuerit,
854 1049 938 1102 quum

87 1166 90 1175 .
129 1107 244 1167 sinistra
257 1105 392 1172 capillum
411 1108 470 1165 eius
489 1121 507 1156 a
520 1104 627 1157 vertice
641 1103 768 1155 tenereti
789 1110 873 1170 caput
888 1118 940 1155 sua

127 1190 213 1241 'mauu
227 1175 337 1239 tulerit,
358 1190 441 1242 quum
455 1176 533 1227 inter
546 1174 652 1242 digitos
662 1174 722 1226 eius
731 1173 785 1223 rivi
796 1174 941 1241 sanguinis
1020 1222 1021 1229 ,

129 1243 269 1307 fluerentl
286 1245 333 1313 qui
342 1252 444 1313 postea
453 1261 515 1298 cum
528 1243 709 1295 histrionibus
720 1249 821 1294 etcum
831 1243 942 1311 gladia·

130 1315 240 1371 toribus
250 1315 293 1369 ite
301 1316 383 1379 vixit,
390 1322 422 1366 ut
434 1315 540 1367 alteros
552 1313 796 1376 libidinisalteros
807 1314 941 1365 facinoris

130 1385 274 1439 adiutores
287 1384 418 1439 haber-eti
430 1388 475 1452 qui
487 1385 596 1436 nullum
606 1384 738 1434 inlocum
749 1380 940 1446 tamsanctum
1020 1446 1021 1451 Ἰ

128 1469 164 1528 ao
173 1462 229 1507 tem
244 1456 408 1526 religiosum
420 1457 555 1520 accessit,
572 1457 601 1506 in
612 1469 748 1522 quonum
767 1453 821 1505 etsi
835 1455 864 1504 in
876 1454 941 1505 aliis

130 1526 214 1592 culpa
234 1542 290 1580 non
309 1534 397 1591 esset,
417 1533 562 1579 tamenex
582 1541 634 1577 sua
651 1525 778 1593 nequitia
794 1524 940 1577 dedecoris

130 1596 316 1663 suspicionem
334 1596 519 1664 relinquereti
543 1597 590 1663 qui
602 1611 636 1647 ex
647 1599 724 1663 curie
736 1596 877 1646 Curioset
887 1596 940 1645 An·

128 1662 247 1728 nios,ab
259 1668 340 1734 atriis
346 1667 465 1733 Sapalas
473 1672 501 1719 et
509 1665 653 1728 ear-vilice,
659 1680 696 1717 ex
707 1667 829 1732 equestri
841 1662 939 1716 ordine

127 1732 282 1801 Pompilios
297 1742 327 1788 et
340 1735 455 1793 Vettios
473 1738 527 1798 sibi
544 1736 729 1798 amicissimos
748 1732 938 1800 comparaviti

106 1849 112 1855 ,
129 1806 176 1872 qui
190 1812 301 1859 tantum
318 1803 402 1856 habet
416 1805 694 1866 audaciae‚--tantum
706 1806 862 1868 nequitiae,
879 1810 940 1855 ton·
1020 1821 1021 1826 ¹

129 1880 189 1927 tum
202 1871 321 1941 denique
331 1875 360 1926 in
372 1874 487 1928 libidine
498 1876 571 1926 artis
579 1878 607 1924 et
619 1871 843 1935 efficacitatismt
852 1887 937 1941 prope

128 1945 159 1996 in
170 1951 317 2011 parentum
328 1945 443 2013 gremiis
453 1948 646 2010 praetextatos
661 1942 938 2010 liberosconstuprn·
1020 1973 1021 1978 =

129 2014 282 2076 ritilluid
299 2029 351 2081 ego
368 2030 441 2068 nunc
454 2015 506 2066 tibi
523 2012 678 2074 dentrice,
695 2011 764 2078 quid
778 2011 814 2064 de
824 2016 938 2065 testium

63 2105 70 2111 ·
130 2083 215 2135 dictis
228 2084 363 2150 scribami
384 2084 460 2137 Nota
474 2089 552 2134 suut:
574 2088 603 2133 et
620 2088 701 2132 catu
716 2085 826 2148 saepius
843 2084 939 2151 legito.

26 2197 33 2203 .
131 2145 188 2207 s‘ed
201 2160 294 2207 tamen
310 2152 363 2208 boc
377 2152 443 2205 mihi
460 2169 515 2204 non
526 2151 808 2219 praetermittendum
822 2154 939 2218 videtur,

131 2223 207 2292 quod
217 2226 336 2293 primum
347 2240 382 2277 ex
391 2237 427 2276 eo·
435 2223 704 2289 iudiciotamegens
713 2221 852 2286 discessit,
859 2235 937 2291 quam

132 2294 244 2361 quidam
257 2295 375 2356 iudices
400 2294 469 2356 eius
480 2298 546 2344 aute
564 2292 638 2345 illud
658 2291 793 2343 iudicium
814 2291 939 2347 luerunt:

132 2362 232 2416 deinde
244 2372 301 2417 tam
310 2365 477 2426 invidiosus,‘
487 2370 518 2420 ut
530 2349 647 2414 aliud‘in
656 2374 717 2413 eam
729 2361 864 2414 iudicium
876 2378 941 2431 quo·

131 2432 204 2490 tidie
216 2433 370 2501 flagitetur.
405 2435 461 2484 Hic
474 2448 505 2485 so
519 2434 560 2483 sic
575 2431 672 2495 habet,
681 2439 723 2507 sut
733 2434 823 2501 magis
833 2436 940 2498 timeat,

53 2499 57 2506 '
110 2501 114 2508 ’
132 2502 253 2555 etiamsi
264 2505 509 2570 quierit‚quanr.ut
521 2508 690 2565 contemnat,
708 2503 808 2570 siquid
820 2519 940 2556 commo·

131 2570 212 2632 i‘crit.
250 2572 360 2634 Quanto
382 2573 483 2624 melior
503 2574 555 2636 tibi
576 2572 691 2624 fortuna
703 2569 855 2639 'petitionis
875 2575 940 2627 data

131 2643 190 2701 cst,
210 2655 293 2709 qnam
312 2657 399 2712 nuper
417 2641 620 2715 bonfinisuoro
632 2643 791 2704 eoseum
803 2645 864 2697 ille
876 2659 939 2697 cru
