<?xml version="1.0" encoding="UTF-8"?>
<!DOCTYPE html PUBLIC "-//W3C//DTD XHTML 1.0 Transitional//EN"
    "http://www.w3.org/TR/xhtml1/DTD/xhtml1-transitional.dtd">
<html xmlns="http://www.w3.org/1999/xhtml" xml:lang="en" lang="en">
 <head>
  <title>
</title>
<meta http-equiv="Content-Type" content="text/html;charset=utf-8" />
  <meta name='ocr-system' content='tesseract 3.04.00' />
  <meta name='ocr-capabilities' content='ocr_page ocr_carea ocr_par ocr_line ocrx_word'/>
</head>
<body>
  <div class='ocr_page' id='page_1' title='image "./opera00nobbgoog/opera00nobbgoog_0895.png"; bbox 0 0 2084 3025; ppageno 0'>
   <div class='ocr_carea' id='block_1_1' title="bbox 228 77 988 167">
    <p class='ocr_par' dir='ltr' id='par_1_1' title="bbox 228 77 988 167">
     <span class='ocr_line' id='line_1_1' title="bbox 228 77 988 167; baseline 0.007 -15"><span class='ocrx_word' id='word_1_1' title='bbox 228 97 307 153; x_wconf 80' lang='lat' dir='ltr'>uro.</span> <span class='ocrx_word' id='word_1_2' title='bbox 325 100 347 154; x_wconf 88' lang='lat'>1.</span> <span class='ocrx_word' id='word_1_3' title='bbox 383 98 642 156; x_wconf 81' lang='lat' dir='ltr'><strong>cAP.11.12.13.</strong></span> <span class='ocrx_word' id='word_1_4' title='bbox 781 99 833 154; x_wconf 82' lang='lat'>211</span> <span class='ocrx_word' id='word_1_5' title='bbox 906 77 931 167; x_wconf 66' lang='lat' dir='ltr'><em>J</em></span> <span class='ocrx_word' id='word_1_6' title='bbox 984 125 988 132; x_wconf 89' lang='lat'>-</span> 
     </span>
    </p>
   </div>
   <div class='ocr_carea' id='block_1_2' title="bbox 14 191 907 344">
    <p class='ocr_par' dir='ltr' id='par_1_2' title="bbox 14 191 907 344">
     <span class='ocr_line' id='line_1_2' title="bbox 14 191 907 276; baseline 0.002 -19"><span class='ocrx_word' id='word_1_7' title='bbox 14 233 17 238; x_wconf 61' lang='lat'><em>&gt;</em></span> <span class='ocrx_word' id='word_1_8' title='bbox 31 201 115 258; x_wconf 83' lang='lat' dir='ltr'>litiae</span> <span class='ocrx_word' id='word_1_9' title='bbox 131 208 246 273; x_wconf 77' lang='lat' dir='ltr'>propter</span> <span class='ocrx_word' id='word_1_10' title='bbox 264 203 393 256; x_wconf 80' lang='lat' dir='ltr'>eximiam</span> <span class='ocrx_word' id='word_1_11' title='bbox 408 204 476 258; x_wconf 89' lang='lat' dir='ltr'>belli</span> <span class='ocrx_word' id='word_1_12' title='bbox 492 197 611 273; x_wconf 79' lang='lat' dir='ltr'>gloriam</span> <span class='ocrx_word' id='word_1_13' title='bbox 625 204 786 258; x_wconf 76' lang='lat' dir='ltr'>Africanum</span> <span class='ocrx_word' id='word_1_14' title='bbox 803 191 855 260; x_wconf 36' lang='lat' dir='ltr'>nt*</span> <span class='ocrx_word' id='word_1_15' title='bbox 899 259 907 276; x_wconf 57' lang='lat'>‚</span> 
     </span>
     <span class='ocr_line' id='line_1_3' title="bbox 27 265 836 344; baseline 0.004 -19"><span class='ocrx_word' id='word_1_16' title='bbox 27 272 120 327; x_wconf 87' lang='lat' dir='ltr'>Deum</span> <span class='ocrx_word' id='word_1_17' title='bbox 131 276 236 327; x_wconf 85' lang='lat' dir='ltr'>coleret</span> <span class='ocrx_word' id='word_1_18' title='bbox 247 274 375 338; x_wconf 67' lang='lat' dir='ltr'>Laelium</span> <span class='ocrx_word' id='word_1_19' title='bbox 392 274 468 326; x_wconf 89' lang='lat' dir='ltr'>domi</span> <span class='ocrx_word' id='word_1_20' title='bbox 480 275 602 326; x_wconf 81' lang='lat' dir='ltr'>vicissim</span> <span class='ocrx_word' id='word_1_21' title='bbox 613 273 750 338; x_wconf 87' lang='lat' dir='ltr'>Laelium,</span> <span class='ocrx_word' id='word_1_22' title='bbox 761 265 836 344; x_wconf 88' lang='lat' dir='ltr'>quod</span> 
     </span>
    </p>
   </div>
   <div class='ocr_carea' id='block_1_3' title="bbox 13 343 898 2705">
    <p class='ocr_par' dir='ltr' id='par_1_3' title="bbox 25 343 838 968">
     <span class='ocr_line' id='line_1_4' title="bbox 29 343 836 410; baseline 0.001 -15"><span class='ocrx_word' id='word_1_23' title='bbox 29 350 125 396; x_wconf 83' lang='lat' dir='ltr'>aetate</span> <span class='ocrx_word' id='word_1_24' title='bbox 137 343 332 406; x_wconf 77' lang='lat' dir='ltr'>antecedebat,</span> <span class='ocrx_word' id='word_1_25' title='bbox 355 343 516 397; x_wconf 84' lang='lat' dir='ltr'>observaret</span> <span class='ocrx_word' id='word_1_26' title='bbox 527 346 556 395; x_wconf 91' lang='lat' dir='ltr'>in</span> <span class='ocrx_word' id='word_1_27' title='bbox 568 347 691 410; x_wconf 83' lang='lat' dir='ltr'>parentis</span> <span class='ocrx_word' id='word_1_28' title='bbox 702 346 766 397; x_wconf 89' lang='lat' dir='ltr'>loeo</span> <span class='ocrx_word' id='word_1_29' title='bbox 779 345 836 397; x_wconf 81' lang='lat' dir='ltr'>Sci·</span> 
     </span>
     <span class='ocr_line' id='line_1_5' title="bbox 25 412 835 481; baseline 0.002 -18"><span class='ocrx_word' id='word_1_30' title='bbox 25 414 87 479; x_wconf 80' lang='lat' dir='ltr'>pio.</span> <span class='ocrx_word' id='word_1_31' title='bbox 123 412 198 464; x_wconf 85' lang='lat' dir='ltr'>Dein</span> <span class='ocrx_word' id='word_1_32' title='bbox 208 428 291 481; x_wconf 86' lang='lat' dir='ltr'>quum</span> <span class='ocrx_word' id='word_1_33' title='bbox 304 419 396 463; x_wconf 80' lang='lat' dir='ltr'>essent</span> <span class='ocrx_word' id='word_1_34' title='bbox 407 428 545 481; x_wconf 80' lang='lat' dir='ltr'>perpauca</span> <span class='ocrx_word' id='word_1_35' title='bbox 560 417 633 465; x_wconf 87' lang='lat' dir='ltr'>inter</span> <span class='ocrx_word' id='word_1_36' title='bbox 642 431 672 466; x_wconf 86' lang='lat' dir='ltr'>sc</span> <span class='ocrx_word' id='word_1_37' title='bbox 683 431 737 466; x_wconf 91' lang='lat' dir='ltr'>uno</span> <span class='ocrx_word' id='word_1_38' title='bbox 750 430 785 465; x_wconf 90' lang='lat' dir='ltr'>an</span> <span class='ocrx_word' id='word_1_39' title='bbox 795 414 835 466; x_wconf 82' lang='lat' dir='ltr'>ai·</span> 
     </span>
     <span class='ocr_line' id='line_1_6' title="bbox 26 480 834 550; baseline 0.002 -17"><span class='ocrx_word' id='word_1_40' title='bbox 26 489 91 534; x_wconf 85' lang='lat' dir='ltr'>tero</span> <span class='ocrx_word' id='word_1_41' title='bbox 103 483 195 549; x_wconf 81' lang='lat' dir='ltr'>spatio</span> <span class='ocrx_word' id='word_1_42' title='bbox 207 480 355 544; x_wconf 88' lang='lat' dir='ltr'>collocuti,</span> <span class='ocrx_word' id='word_1_43' title='bbox 376 480 575 550; x_wconf 80' lang='lat' dir='ltr'>Scipionique*</span> <span class='ocrx_word' id='word_1_44' title='bbox 587 498 682 535; x_wconf 86' lang='lat' dir='ltr'>eorum</span> <span class='ocrx_word' id='word_1_45' title='bbox 699 483 834 535; x_wconf 83' lang='lat' dir='ltr'>adventus</span> 
     </span>
     <span class='ocr_line' id='line_1_7' title="bbox 26 551 837 619; baseline 0.001 -15"><span class='ocrx_word' id='word_1_46' title='bbox 26 551 219 619; x_wconf 84' lang='lat' dir='ltr'>periucundus</span> <span class='ocrx_word' id='word_1_47' title='bbox 230 557 258 603; x_wconf 89' lang='lat' dir='ltr'>et</span> <span class='ocrx_word' id='word_1_48' title='bbox 268 555 418 618; x_wconf 80' lang='lat' dir='ltr'>pergratus</span> <span class='ocrx_word' id='word_1_49' title='bbox 429 552 540 613; x_wconf 83' lang='lat' dir='ltr'>luisset,</span> <span class='ocrx_word' id='word_1_50' title='bbox 555 552 688 617; x_wconf 78' lang='lat' dir='ltr'>placitum</span> <span class='ocrx_word' id='word_1_51' title='bbox 700 558 755 614; x_wconf 85' lang='lat' dir='ltr'>est,</span> <span class='ocrx_word' id='word_1_52' title='bbox 765 561 796 603; x_wconf 85' lang='lat' dir='ltr'>ut</span> <span class='ocrx_word' id='word_1_53' title='bbox 806 555 837 605; x_wconf 89' lang='lat' dir='ltr'>in</span> 
     </span>
     <span class='ocr_line' id='line_1_8' title="bbox 26 620 838 689; baseline 0.001 -15"><span class='ocrx_word' id='word_1_54' title='bbox 26 622 138 689; x_wconf 67' lang='lat' dir='ltr'>aprico⁴</span> <span class='ocrx_word' id='word_1_55' title='bbox 150 621 269 684; x_wconf 83' lang='lat' dir='ltr'>maxime</span> <span class='ocrx_word' id='word_1_56' title='bbox 290 620 492 686; x_wconf 72' lang='lat' dir='ltr'>praemineo,</span> <span class='ocrx_word' id='word_1_57' title='bbox 515 621 591 688; x_wconf 88' lang='lat' dir='ltr'>quod</span> <span class='ocrx_word' id='word_1_58' title='bbox 612 628 674 674; x_wconf 84' lang='lat' dir='ltr'>erat</span> <span class='ocrx_word' id='word_1_59' title='bbox 692 620 838 675; x_wconf 85' lang='lat' dir='ltr'>hibernum</span> 
     </span>
     <span class='ocr_line' id='line_1_9' title="bbox 26 689 837 758; baseline -0.001 -15"><span class='ocrx_word' id='word_1_60' title='bbox 26 697 141 758; x_wconf 81' lang='lat' dir='ltr'>tempus</span> <span class='ocrx_word' id='word_1_61' title='bbox 161 689 238 751; x_wconf 89' lang='lat' dir='ltr'>anui,</span> <span class='ocrx_word' id='word_1_62' title='bbox 261 689 450 742; x_wconf 77' lang='lat' dir='ltr'><strong>considerent:</strong></span> <span class='ocrx_word' id='word_1_63' title='bbox 474 689 550 757; x_wconf 90' lang='lat' dir='ltr'>quod</span> <span class='ocrx_word' id='word_1_64' title='bbox 571 706 655 757; x_wconf 89' lang='lat' dir='ltr'>quum</span> <span class='ocrx_word' id='word_1_65' title='bbox 672 689 767 742; x_wconf 82' lang='lat' dir='ltr'>lacere</span> <span class='ocrx_word' id='word_1_66' title='bbox 781 691 837 742; x_wconf 78' lang='lat' dir='ltr'>vol-</span> 
     </span>
     <span class='ocr_line' id='line_1_10' title="bbox 26 757 838 826; baseline 0 -15"><span class='ocrx_word' id='word_1_67' title='bbox 26 757 255 823; x_wconf 78' lang='lat' dir='ltr'>ieni‚iuierreuit</span> <span class='ocrx_word' id='word_1_68' title='bbox 265 759 310 810; x_wconf 80' lang='lat' dir='ltr'>vir</span> <span class='ocrx_word' id='word_1_69' title='bbox 318 759 438 825; x_wconf 84' lang='lat' dir='ltr'>prudens</span> <span class='ocrx_word' id='word_1_70' title='bbox 450 758 631 826; x_wconf 84' lang='lat' dir='ltr'>omnibusque</span> <span class='ocrx_word' id='word_1_71' title='bbox 642 759 699 810; x_wconf 90' lang='lat' dir='ltr'>illis</span> <span class='ocrx_word' id='word_1_72' title='bbox 710 760 838 811; x_wconf 87' lang='lat' dir='ltr'>etiuoun·</span> 
     </span>
     <span class='ocr_line' id='line_1_11' title="bbox 26 827 838 897; baseline 0.001 -16"><span class='ocrx_word' id='word_1_73' title='bbox 26 829 81 881; x_wconf 87' lang='lat' dir='ltr'>dus</span> <span class='ocrx_word' id='word_1_74' title='bbox 93 836 123 881; x_wconf 83' lang='lat' dir='ltr'>ct</span> <span class='ocrx_word' id='word_1_75' title='bbox 138 841 219 879; x_wconf 85' lang='lat' dir='ltr'>carus</span> <span class='ocrx_word' id='word_1_76' title='bbox 229 828 269 880; x_wconf 83' lang='lat' dir='ltr'>M.</span> <span class='ocrx_word' id='word_1_77' title='bbox 281 827 433 891; x_wconf 76' lang='lat' dir='ltr'>Manilius,</span> <span class='ocrx_word' id='word_1_78' title='bbox 441 827 498 895; x_wconf 78' lang='lat' dir='ltr'>‘qui</span> <span class='ocrx_word' id='word_1_79' title='bbox 511 844 529 878; x_wconf 89' lang='lat' dir='ltr'>a</span> <span class='ocrx_word' id='word_1_80' title='bbox 539 827 669 895; x_wconf 81' lang='lat' dir='ltr'>Scipione</span> <span class='ocrx_word' id='word_1_81' title='bbox 682 830 838 897; x_wconf 80' lang='lat' dir='ltr'>ceterisque</span> 
     </span>
     <span class='ocr_line' id='line_1_12' title="bbox 26 896 809 968; baseline -0.001 -17"><span class='ocrx_word' id='word_1_82' title='bbox 26 899 201 951; x_wconf 85' lang='lat' dir='ltr'>amicissime</span> <span class='ocrx_word' id='word_1_83' title='bbox 212 898 412 968; x_wconf 68' lang='lat' dir='ltr'>consalutatus,</span> <span class='ocrx_word' id='word_1_84' title='bbox 428 896 534 948; x_wconf 83' lang='lat' dir='ltr'>assedit</span> <span class='ocrx_word' id='word_1_85' title='bbox 544 900 688 963; x_wconf 77' lang='lat' dir='ltr'>proximus</span> <span class='ocrx_word' id='word_1_86' title='bbox 701 898 809 950; x_wconf 81' lang='lat' dir='ltr'>Laelio.</span> 
     </span>
    </p>

    <p class='ocr_par' dir='ltr' id='par_1_4' title="bbox 13 965 898 2705">
     <span class='ocr_line' id='line_1_13' title="bbox 22 965 838 1036; baseline -0.001 -17"><span class='ocrx_word' id='word_1_87' title='bbox 22 1029 25 1032; x_wconf 22' lang='lat'>¹</span> <span class='ocrx_word' id='word_1_88' title='bbox 82 966 157 1019; x_wconf 80' lang='lat' dir='ltr'>Xlll.</span> <span class='ocrx_word' id='word_1_89' title='bbox 175 968 247 1018; x_wconf 86' lang='lat' dir='ltr'>Tuln</span> <span class='ocrx_word' id='word_1_90' title='bbox 258 966 363 1029; x_wconf 86' lang='lat' dir='ltr'>Philus,</span> <span class='ocrx_word' id='word_1_91' title='bbox 374 966 437 1018; x_wconf 88' lang='lat' dir='ltr'>Non</span> <span class='ocrx_word' id='word_1_92' title='bbox 446 965 516 1018; x_wconf 87' lang='lat' dir='ltr'>mihi</span> <span class='ocrx_word' id='word_1_93' title='bbox 527 966 645 1030; x_wconf 79' lang='lat' dir='ltr'>videtur,</span> <span class='ocrx_word' id='word_1_94' title='bbox 654 968 752 1036; x_wconf 85' lang='lat' dir='ltr'>inquit,</span> <span class='ocrx_word' id='word_1_95' title='bbox 763 967 838 1035; x_wconf 91' lang='lat' dir='ltr'>quod</span> 
     </span>
     <span class='ocr_line' id='line_1_14' title="bbox 23 1033 838 1105; baseline -0.005 -14"><span class='ocrx_word' id='word_1_96' title='bbox 23 1035 60 1091; x_wconf 79' lang='lat' dir='ltr'>hi</span> <span class='ocrx_word' id='word_1_97' title='bbox 70 1042 215 1099; x_wconf 79' lang='lat' dir='ltr'>venerunt,</span> <span class='ocrx_word' id='word_1_98' title='bbox 237 1037 309 1088; x_wconf 88' lang='lat' dir='ltr'>alius</span> <span class='ocrx_word' id='word_1_99' title='bbox 320 1036 400 1092; x_wconf 83' lang='lat' dir='ltr'>nubis</span> <span class='ocrx_word' id='word_1_100' title='bbox 410 1049 501 1088; x_wconf 74' lang='lat' dir='ltr'>sonmo</span> <span class='ocrx_word' id='word_1_101' title='bbox 514 1052 576 1089; x_wconf 88' lang='lat' dir='ltr'>csse</span> <span class='ocrx_word' id='word_1_102' title='bbox 586 1033 767 1105; x_wconf 65' lang='lat' dir='ltr'>quaerendus,</span> <span class='ocrx_word' id='word_1_103' title='bbox 788 1037 838 1088; x_wconf 87' lang='lat' dir='ltr'>sod</span> 
     </span>
     <span class='ocr_line' id='line_1_15' title="bbox 23 1105 838 1175; baseline -0.002 -15"><span class='ocrx_word' id='word_1_104' title='bbox 23 1106 361 1175; x_wconf 78' lang='lat' dir='ltr'>agendumaccuratius,</span> <span class='ocrx_word' id='word_1_105' title='bbox 379 1109 412 1157; x_wconf 72' lang='lat' dir='ltr'>et</span> <span class='ocrx_word' id='word_1_106' title='bbox 435 1105 584 1174; x_wconf 85' lang='lat' dir='ltr'>dicendum</span> <span class='ocrx_word' id='word_1_107' title='bbox 601 1107 715 1174; x_wconf 79' lang='lat' dir='ltr'>dignum</span> <span class='ocrx_word' id='word_1_108' title='bbox 729 1106 838 1175; x_wconf 87' lang='lat' dir='ltr'>aliquid</span> 
     </span>
     <span class='ocr_line' id='line_1_16' title="bbox 24 1174 837 1244; baseline -0.002 -16"><span class='ocrx_word' id='word_1_109' title='bbox 24 1174 132 1229; x_wconf 78' lang='lat' dir='ltr'>luorum</span> <span class='ocrx_word' id='word_1_110' title='bbox 139 1176 263 1228; x_wconf 87' lang='lat' dir='ltr'>auribus.</span> <span class='ocrx_word' id='word_1_111' title='bbox 286 1176 342 1226; x_wconf 88' lang='lat' dir='ltr'>Hic</span> <span class='ocrx_word' id='word_1_112' title='bbox 352 1174 478 1242; x_wconf 71' lang='lat' dir='ltr'>Laelium</span> <span class='ocrx_word' id='word_1_113' title='bbox 490 1175 565 1239; x_wconf 75' lang='lat' dir='ltr'>Quid</span> <span class='ocrx_word' id='word_1_114' title='bbox 576 1177 688 1228; x_wconf 86' lang='lat' dir='ltr'>tandem</span> <span class='ocrx_word' id='word_1_115' title='bbox 702 1177 837 1244; x_wconf 79' lang='lat' dir='ltr'>agebatis,</span> 
     </span>
     <span class='ocr_line' id='line_1_17' title="bbox 24 1245 838 1307; baseline -0.002 -8"><span class='ocrx_word' id='word_1_116' title='bbox 24 1253 84 1300; x_wconf 72' lang='lat' dir='ltr'>aut</span> <span class='ocrx_word' id='word_1_117' title='bbox 96 1246 139 1296; x_wconf 90' lang='lat' dir='ltr'>cui</span> <span class='ocrx_word' id='word_1_118' title='bbox 149 1245 271 1296; x_wconf 88' lang='lat' dir='ltr'>sermoni</span> <span class='ocrx_word' id='word_1_119' title='bbox 281 1260 331 1295; x_wconf 90' lang='lat' dir='ltr'>nos</span> <span class='ocrx_word' id='word_1_120' title='bbox 347 1245 564 1298; x_wconf 73' lang='lat' dir='ltr'>intervenimus?</span> <span class='ocrx_word' id='word_1_121' title='bbox 600 1262 651 1298; x_wconf 78' lang='lat' dir='ltr'>ru.</span> <span class='ocrx_word' id='word_1_122' title='bbox 672 1246 838 1307; x_wconf 69' lang='lat' dir='ltr'>Quaesierat</span> 
     </span>
     <span class='ocr_line' id='line_1_18' title="bbox 24 1309 837 1383; baseline -0.005 -13"><span class='ocrx_word' id='word_1_123' title='bbox 24 1331 69 1370; x_wconf 80' lang='lat' dir='ltr'>cx</span> <span class='ocrx_word' id='word_1_124' title='bbox 80 1330 124 1374; x_wconf 87' lang='lat' dir='ltr'>me</span> <span class='ocrx_word' id='word_1_125' title='bbox 130 1314 234 1381; x_wconf 81' lang='lat' dir='ltr'>Scipio,</span> <span class='ocrx_word' id='word_1_126' title='bbox 243 1314 372 1383; x_wconf 83' lang='lat' dir='ltr'>quidnam</span> <span class='ocrx_word' id='word_1_127' title='bbox 384 1309 515 1367; x_wconf 82' lang='lat' dir='ltr'>sentirem</span> <span class='ocrx_word' id='word_1_128' title='bbox 528 1316 562 1367; x_wconf 88' lang='lat' dir='ltr'>dc</span> <span class='ocrx_word' id='word_1_129' title='bbox 572 1314 633 1378; x_wconf 87' lang='lat' dir='ltr'>hoc,</span> <span class='ocrx_word' id='word_1_130' title='bbox 672 1315 717 1365; x_wconf 78' lang='lat' dir='ltr'>rod</span> <span class='ocrx_word' id='word_1_131' title='bbox 728 1316 783 1366; x_wconf 89' lang='lat' dir='ltr'>duo</span> <span class='ocrx_word' id='word_1_132' title='bbox 794 1330 837 1366; x_wconf 89' lang='lat' dir='ltr'>so·</span> 
     </span>
     <span class='ocr_line' id='line_1_19' title="bbox 23 1331 839 1448; baseline -0.001 -10"><span class='ocrx_word' id='word_1_133' title='bbox 23 1385 77 1441; x_wconf 86' lang='lat' dir='ltr'>les</span> <span class='ocrx_word' id='word_1_134' title='bbox 85 1385 161 1436; x_wconf 83' lang='lat' dir='ltr'>visos</span> <span class='ocrx_word' id='word_1_135' title='bbox 172 1399 232 1436; x_wconf 87' lang='lat' dir='ltr'>csse</span> <span class='ocrx_word' id='word_1_136' title='bbox 243 1389 395 1436; x_wconf 84' lang='lat' dir='ltr'>constaret.</span> <span class='ocrx_word' id='word_1_137' title='bbox 431 1400 458 1436; x_wconf 82' lang='lat' dir='ltr'>n.</span> <span class='ocrx_word' id='word_1_138' title='bbox 478 1385 529 1436; x_wconf 77' lang='lat' dir='ltr'>Airr</span> <span class='ocrx_word' id='word_1_139' title='bbox 539 1401 616 1448; x_wconf 82' lang='lat' dir='ltr'>vero,</span> <span class='ocrx_word' id='word_1_140' title='bbox 627 1331 715 1446; x_wconf 62' lang='lat' dir='ltr'>ndns,</span> <span class='ocrx_word' id='word_1_141' title='bbox 725 1386 781 1436; x_wconf 85' lang='lat' dir='ltr'>iam</span> <span class='ocrx_word' id='word_1_142' title='bbox 793 1400 839 1437; x_wconf 74' lang='lat' dir='ltr'>cx·</span> 
     </span>
     <span class='ocr_line' id='line_1_20' title="bbox 23 1454 838 1526; baseline 0.001 -20"><span class='ocrx_word' id='word_1_143' title='bbox 23 1455 147 1526; x_wconf 73' lang='lat' dir='ltr'>plorata</span> <span class='ocrx_word' id='word_1_144' title='bbox 156 1455 237 1506; x_wconf 86' lang='lat' dir='ltr'>nobis</span> <span class='ocrx_word' id='word_1_145' title='bbox 248 1460 312 1505; x_wconf 84' lang='lat' dir='ltr'>sunt</span> <span class='ocrx_word' id='word_1_146' title='bbox 324 1468 366 1518; x_wconf 88' lang='lat' dir='ltr'>ea,</span> <span class='ocrx_word' id='word_1_147' title='bbox 385 1468 455 1522; x_wconf 86' lang='lat' dir='ltr'>quae</span> <span class='ocrx_word' id='word_1_148' title='bbox 468 1454 503 1505; x_wconf 89' lang='lat' dir='ltr'>ad</span> <span class='ocrx_word' id='word_1_149' title='bbox 514 1455 612 1506; x_wconf 87' lang='lat' dir='ltr'>domos</span> <span class='ocrx_word' id='word_1_150' title='bbox 623 1460 743 1518; x_wconf 80' lang='lat' dir='ltr'>nostias,</span> <span class='ocrx_word' id='word_1_151' title='bbox 756 1470 838 1522; x_wconf 86' lang='lat' dir='ltr'>qnae·</span> 
     </span>
     <span class='ocr_line' id='line_1_21' title="bbox 25 1524 838 1594; baseline 0 -17"><span class='ocrx_word' id='word_1_152' title='bbox 25 1541 92 1594; x_wconf 88' lang='lat' dir='ltr'>quc</span> <span class='ocrx_word' id='word_1_153' title='bbox 100 1524 134 1574; x_wconf 86' lang='lat' dir='ltr'>ad</span> <span class='ocrx_word' id='word_1_154' title='bbox 145 1539 202 1575; x_wconf 90' lang='lat' dir='ltr'>rem</span> <span class='ocrx_word' id='word_1_155' title='bbox 214 1524 353 1591; x_wconf 83' lang='lat' dir='ltr'>publicam</span> <span class='ocrx_word' id='word_1_156' title='bbox 364 1526 529 1590; x_wconf 83' lang='lat' dir='ltr'>pertincant,</span> <span class='ocrx_word' id='word_1_157' title='bbox 540 1524 687 1593; x_wconf 79' lang='lat' dir='ltr'>siquidem,</span> <span class='ocrx_word' id='word_1_158' title='bbox 697 1525 762 1592; x_wconf 90' lang='lat' dir='ltr'>quid</span> <span class='ocrx_word' id='word_1_159' title='bbox 774 1539 838 1593; x_wconf 81' lang='lat' dir='ltr'>aga·</span> 
     </span>
     <span class='ocr_line' id='line_1_22' title="bbox 24 1593 839 1661; baseline -0.004 -13"><span class='ocrx_word' id='word_1_160' title='bbox 24 1602 83 1648; x_wconf 70' lang='lat' dir='ltr'>tur</span> <span class='ocrx_word' id='word_1_161' title='bbox 92 1595 121 1645; x_wconf 94' lang='lat' dir='ltr'>in</span> <span class='ocrx_word' id='word_1_162' title='bbox 132 1595 218 1656; x_wconf 88' lang='lat' dir='ltr'>caelo,</span> <span class='ocrx_word' id='word_1_163' title='bbox 230 1593 403 1661; x_wconf 76' lang='lat' dir='ltr'>quaerimusi</span> <span class='ocrx_word' id='word_1_164' title='bbox 412 1595 450 1645; x_wconf 77' lang='lat' dir='ltr'>ut</span> <span class='ocrx_word' id='word_1_165' title='bbox 460 1595 523 1647; x_wconf 83' lang='lat' dir='ltr'>ille:</span> <span class='ocrx_word' id='word_1_166' title='bbox 541 1597 582 1646; x_wconf 76' lang='lat' dir='ltr'>An</span> <span class='ocrx_word' id='word_1_167' title='bbox 592 1600 624 1645; x_wconf 82' lang='lat' dir='ltr'>tu</span> <span class='ocrx_word' id='word_1_168' title='bbox 634 1594 672 1646; x_wconf 89' lang='lat' dir='ltr'>ad</span> <span class='ocrx_word' id='word_1_169' title='bbox 682 1594 779 1648; x_wconf 86' lang='lat' dir='ltr'>domos</span> <span class='ocrx_word' id='word_1_170' title='bbox 790 1610 839 1645; x_wconf 88' lang='lat' dir='ltr'>no·</span> 
     </span>
     <span class='ocr_line' id='line_1_23' title="bbox 23 1663 839 1732; baseline 0 -18"><span class='ocrx_word' id='word_1_171' title='bbox 23 1671 112 1720; x_wconf 67' lang='lat' dir='ltr'>atras</span> <span class='ocrx_word' id='word_1_172' title='bbox 121 1678 174 1713; x_wconf 90' lang='lat' dir='ltr'>non</span> <span class='ocrx_word' id='word_1_173' title='bbox 184 1680 279 1716; x_wconf 89' lang='lat' dir='ltr'>censes</span> <span class='ocrx_word' id='word_1_174' title='bbox 290 1665 439 1731; x_wconf 69' lang='lat' dir='ltr'>pertinere,</span> <span class='ocrx_word' id='word_1_175' title='bbox 448 1665 531 1726; x_wconf 84' lang='lat' dir='ltr'>scire,</span> <span class='ocrx_word' id='word_1_176' title='bbox 541 1664 607 1732; x_wconf 88' lang='lat' dir='ltr'>quid</span> <span class='ocrx_word' id='word_1_177' title='bbox 620 1671 721 1732; x_wconf 80' lang='lat' dir='ltr'>agatur</span> <span class='ocrx_word' id='word_1_178' title='bbox 732 1663 839 1730; x_wconf 87' lang='lat' dir='ltr'>etquid</span> 
     </span>
     <span class='ocr_line' id='line_1_24' title="bbox 22 1733 898 1801; baseline -0.005 -15"><span class='ocrx_word' id='word_1_179' title='bbox 22 1736 86 1787; x_wconf 73' lang='lat' dir='ltr'>fiat</span> <span class='ocrx_word' id='word_1_180' title='bbox 96 1733 185 1796; x_wconf 72' lang='lat' dir='ltr'>d‘omi3</span> <span class='ocrx_word' id='word_1_181' title='bbox 206 1748 276 1800; x_wconf 84' lang='lat' dir='ltr'>quae</span> <span class='ocrx_word' id='word_1_182' title='bbox 287 1749 340 1785; x_wconf 92' lang='lat' dir='ltr'>non</span> <span class='ocrx_word' id='word_1_183' title='bbox 352 1749 386 1786; x_wconf 91' lang='lat' dir='ltr'>ea</span> <span class='ocrx_word' id='word_1_184' title='bbox 396 1740 447 1797; x_wconf 83' lang='lat' dir='ltr'>est,</span> <span class='ocrx_word' id='word_1_185' title='bbox 457 1748 537 1801; x_wconf 92' lang='lat' dir='ltr'>quam</span> <span class='ocrx_word' id='word_1_186' title='bbox 550 1733 672 1799; x_wconf 83' lang='lat' dir='ltr'>parietes</span> <span class='ocrx_word' id='word_1_187' title='bbox 683 1734 772 1785; x_wconf 84' lang='lat' dir='ltr'>nostri</span> <span class='ocrx_word' id='word_1_188' title='bbox 783 1736 838 1783; x_wconf 76' lang='lat' dir='ltr'>mu·-</span> <span class='ocrx_word' id='word_1_189' title='bbox 893 1736 898 1743; x_wconf 74' lang='grc'><strong>’</strong></span> 
     </span>
     <span class='ocr_line' id='line_1_25' title="bbox 22 1801 839 1873; baseline -0.004 -18"><span class='ocrx_word' id='word_1_190' title='bbox 22 1810 111 1873; x_wconf 57' lang='lat' dir='ltr'>§aaa</span> <span class='ocrx_word' id='word_1_191' title='bbox 130 1801 177 1853; x_wconf 88' lang='lat' dir='ltr'>sed</span> <span class='ocrx_word' id='word_1_192' title='bbox 189 1803 306 1853; x_wconf 83' lang='lat' dir='ltr'>mundus</span> <span class='ocrx_word' id='word_1_193' title='bbox 317 1801 364 1853; x_wconf 78' lang='lat' dir='ltr'>nio</span> <span class='ocrx_word' id='word_1_194' title='bbox 372 1808 457 1866; x_wconf 87' lang='lat' dir='ltr'>totus,</span> <span class='ocrx_word' id='word_1_195' title='bbox 478 1803 553 1869; x_wconf 90' lang='lat' dir='ltr'>quod</span> <span class='ocrx_word' id='word_1_196' title='bbox 564 1803 732 1854; x_wconf 82' lang='lat' dir='ltr'>domicilium</span> <span class='ocrx_word' id='word_1_197' title='bbox 744 1818 839 1870; x_wconf 88' lang='lat' dir='ltr'>quam·</span> 
     </span>
     <span class='ocr_line' id='line_1_26' title="bbox 21 1871 838 1942; baseline -0.005 -17"><span class='ocrx_word' id='word_1_198' title='bbox 21 1888 88 1942; x_wconf 82' lang='lat' dir='ltr'>quc</span> <span class='ocrx_word' id='word_1_199' title='bbox 105 1872 222 1938; x_wconf 69' lang='lat' dir='ltr'>patriam</span> <span class='ocrx_word' id='word_1_200' title='bbox 233 1871 281 1922; x_wconf 91' lang='lat' dir='ltr'>Dii</span> <span class='ocrx_word' id='word_1_201' title='bbox 295 1872 565 1937; x_wconf 82' lang='lat' dir='ltr'>nobiscornrnunem</span> <span class='ocrx_word' id='word_1_202' title='bbox 580 1888 672 1925; x_wconf 88' lang='lat' dir='ltr'>secum</span> <span class='ocrx_word' id='word_1_203' title='bbox 685 1871 838 1924; x_wconf 70' lang='lat' dir='ltr'>dederunt!</span> 
     </span>
     <span class='ocr_line' id='line_1_27' title="bbox 22 1940 838 2011; baseline 0.002 -19"><span class='ocrx_word' id='word_1_204' title='bbox 22 1957 118 2011; x_wconf 77' lang='lat' dir='ltr'>qaunn</span> <span class='ocrx_word' id='word_1_205' title='bbox 131 1941 301 2006; x_wconf 82' lang='lat' dir='ltr'>pracsertim,</span> <span class='ocrx_word' id='word_1_206' title='bbox 322 1941 346 1991; x_wconf 86' lang='lat' dir='ltr'>si</span> <span class='ocrx_word' id='word_1_207' title='bbox 356 1940 425 1993; x_wconf 81' lang='lat' dir='ltr'>hacc</span> <span class='ocrx_word' id='word_1_208' title='bbox 436 1942 603 2009; x_wconf 79' lang='lat' dir='ltr'>ignoremus,</span> <span class='ocrx_word' id='word_1_209' title='bbox 619 1942 707 1993; x_wconf 82' lang='lat' dir='ltr'>multo</span> <span class='ocrx_word' id='word_1_210' title='bbox 717 1943 798 1994; x_wconf 86' lang='lat' dir='ltr'>nobis</span> <span class='ocrx_word' id='word_1_211' title='bbox 810 1950 838 1994; x_wconf 75' lang='lat' dir='ltr'>et</span> 
     </span>
     <span class='ocr_line' id='line_1_28' title="bbox 19 2004 838 2078; baseline 0.005 -18"><span class='ocrx_word' id='word_1_212' title='bbox 19 2025 138 2077; x_wconf 69' lang='lat' dir='ltr'>magula</span> <span class='ocrx_word' id='word_1_213' title='bbox 150 2004 305 2077; x_wconf 82' lang='lat' dir='ltr'>ignoranda</span> <span class='ocrx_word' id='word_1_214' title='bbox 322 2010 387 2061; x_wconf 76' lang='lat' dir='ltr'>sint.</span> <span class='ocrx_word' id='word_1_215' title='bbox 422 2012 516 2062; x_wconf 79' lang='lat' dir='ltr'>Acme</span> <span class='ocrx_word' id='word_1_216' title='bbox 536 2011 660 2078; x_wconf 85' lang='lat' dir='ltr'>quidem,</span> <span class='ocrx_word' id='word_1_217' title='bbox 680 2019 711 2063; x_wconf 88' lang='lat' dir='ltr'>ut</span> <span class='ocrx_word' id='word_1_218' title='bbox 727 2010 838 2064; x_wconf 76' lang='lat' dir='ltr'>incr-culo</span> 
     </span>
     <span class='ocr_line' id='line_1_29' title="bbox 21 2080 837 2148; baseline 0.004 -17"><span class='ocrx_word' id='word_1_219' title='bbox 21 2080 121 2137; x_wconf 80' lang='lat' dir='ltr'>etiam</span> <span class='ocrx_word' id='word_1_220' title='bbox 132 2081 276 2147; x_wconf 84' lang='lat' dir='ltr'>teipsum,</span> <span class='ocrx_word' id='word_1_221' title='bbox 294 2080 393 2142; x_wconf 82' lang='lat' dir='ltr'>Laeli,</span> <span class='ocrx_word' id='word_1_222' title='bbox 413 2094 564 2148; x_wconf 86' lang='lat' dir='ltr'>omnesque</span> <span class='ocrx_word' id='word_1_223' title='bbox 574 2081 671 2132; x_wconf 82' lang='lat' dir='ltr'>aridos</span> <span class='ocrx_word' id='word_1_224' title='bbox 682 2081 837 2148; x_wconf 72' lang='lat' dir='ltr'>sapientia·</span> 
     </span>
     <span class='ocr_line' id='line_1_30' title="bbox 17 2147 837 2218; baseline 0.001 -18"><span class='ocrx_word' id='word_1_225' title='bbox 17 2147 181 2216; x_wconf 78' lang='lat' dir='ltr'>„cognitio</span> <span class='ocrx_word' id='word_1_226' title='bbox 206 2150 269 2216; x_wconf 75' lang='lat' dir='ltr'>ipsa</span> <span class='ocrx_word' id='word_1_227' title='bbox 292 2164 384 2201; x_wconf 84' lang='lat' dir='ltr'>rerum</span> <span class='ocrx_word' id='word_1_228' title='bbox 413 2151 660 2218; x_wconf 84' lang='lat' dir='ltr'>consideratioque</span> <span class='ocrx_word' id='word_1_229' title='bbox 683 2151 837 2203; x_wconf 78' lang='lat' dir='ltr'>delectat.“</span> 
     </span>
     <span class='ocr_line' id='line_1_31' title="bbox 18 2217 838 2287; baseline 0.004 -20"><span class='ocrx_word' id='word_1_230' title='bbox 18 2221 110 2274; x_wconf 43' lang='lat' dir='ltr'>*l&#39;umv</span> <span class='ocrx_word' id='word_1_231' title='bbox 118 2217 245 2269; x_wconf 85' lang='lat' dir='ltr'>Laelius:</span> <span class='ocrx_word' id='word_1_232' title='bbox 266 2218 329 2270; x_wconf 91' lang='lat' dir='ltr'>Non</span> <span class='ocrx_word' id='word_1_233' title='bbox 340 2219 471 2286; x_wconf 81' lang='lat' dir='ltr'>impedio,</span> <span class='ocrx_word' id='word_1_234' title='bbox 481 2221 646 2287; x_wconf 78' lang='lat' dir='ltr'>praesertim</span> <span class='ocrx_word' id='word_1_235' title='bbox 658 2220 787 2287; x_wconf 59' lang='lat' dir='ltr'>moniam</span> <span class='ocrx_word' id='word_1_236' title='bbox 799 2219 838 2270; x_wconf 80' lang='lat' dir='ltr'>le·</span> 
     </span>
     <span class='ocr_line' id='line_1_32' title="bbox 18 2287 837 2355; baseline 0.002 -19"><span class='ocrx_word' id='word_1_237' title='bbox 18 2287 102 2342; x_wconf 77' lang='lat' dir='ltr'>riati</span> <span class='ocrx_word' id='word_1_238' title='bbox 113 2300 221 2352; x_wconf 83' lang='lat' dir='ltr'>sumus3</span> <span class='ocrx_word' id='word_1_239' title='bbox 242 2288 293 2341; x_wconf 87' lang='lat' dir='ltr'>scd</span> <span class='ocrx_word' id='word_1_240' title='bbox 304 2303 450 2354; x_wconf 81' lang='lat' dir='ltr'>possumus</span> <span class='ocrx_word' id='word_1_241' title='bbox 461 2290 562 2341; x_wconf 82' lang='lat' dir='ltr'>audire</span> <span class='ocrx_word' id='word_1_242' title='bbox 570 2289 684 2355; x_wconf 86' lang='lat' dir='ltr'>aliquid,</span> <span class='ocrx_word' id='word_1_243' title='bbox 702 2304 737 2339; x_wconf 90' lang='lat' dir='ltr'>an</span> <span class='ocrx_word' id='word_1_244' title='bbox 748 2289 837 2341; x_wconf 83' lang='lat' dir='ltr'>scrius</span> 
     </span>
     <span class='ocr_line' id='line_1_33' title="bbox 17 2356 837 2429; baseline -0.001 -20"><span class='ocrx_word' id='word_1_245' title='bbox 17 2356 175 2409; x_wconf 73' lang='lat' dir='ltr'>venimusi</span> <span class='ocrx_word' id='word_1_246' title='bbox 210 2371 262 2429; x_wconf 71' lang='lat'><em>¹²¹³:</em></span> <span class='ocrx_word' id='word_1_247' title='bbox 277 2356 354 2410; x_wconf 88' lang='lat' dir='ltr'>Nihil</span> <span class='ocrx_word' id='word_1_248' title='bbox 365 2364 408 2410; x_wconf 88' lang='lat' dir='ltr'>cst</span> <span class='ocrx_word' id='word_1_249' title='bbox 419 2356 508 2409; x_wconf 83' lang='lat' dir='ltr'>adhuc</span> <span class='ocrx_word' id='word_1_250' title='bbox 517 2359 704 2424; x_wconf 70' lang='lat' dir='ltr'>disputatum</span> <span class='ocrx_word' id='word_1_251' title='bbox 721 2364 758 2419; x_wconf 83' lang='lat' dir='ltr'>ct,</span> <span class='ocrx_word' id='word_1_252' title='bbox 770 2373 837 2425; x_wconf 91' lang='lat' dir='ltr'>quo·</span> 
     </span>
     <span class='ocr_line' id='line_1_34' title="bbox 13 2424 839 2494; baseline 0 -19"><span class='ocrx_word' id='word_1_253' title='bbox 13 2424 108 2481; x_wconf 75' lang='lat' dir='ltr'>niani</span> <span class='ocrx_word' id='word_1_254' title='bbox 120 2430 163 2476; x_wconf 82' lang='lat' dir='ltr'>est</span> <span class='ocrx_word' id='word_1_255' title='bbox 174 2425 313 2494; x_wconf 82' lang='lat' dir='ltr'>integrum</span> <span class='ocrx_word' id='word_1_256' title='bbox 330 2464 346 2490; x_wconf 85' lang='lat'>„</span> <span class='ocrx_word' id='word_1_257' title='bbox 352 2427 473 2479; x_wconf 84' lang='lat' dir='ltr'>libenter</span> <span class='ocrx_word' id='word_1_258' title='bbox 482 2428 545 2489; x_wconf 78' lang='lat' dir='ltr'>tibi,</span> <span class='ocrx_word' id='word_1_259' title='bbox 555 2426 644 2489; x_wconf 85' lang='lat' dir='ltr'>Laeli,</span> <span class='ocrx_word' id='word_1_260' title='bbox 653 2432 685 2476; x_wconf 83' lang='lat' dir='ltr'>nt</span> <span class='ocrx_word' id='word_1_261' title='bbox 695 2426 728 2479; x_wconf 92' lang='lat' dir='ltr'>dc</span> <span class='ocrx_word' id='word_1_262' title='bbox 738 2442 770 2478; x_wconf 87' lang='lat' dir='ltr'>eo</span> <span class='ocrx_word' id='word_1_263' title='bbox 784 2426 839 2476; x_wconf 82' lang='lat' dir='ltr'>dis·</span> 
     </span>
     <span class='ocr_line' id='line_1_35' title="bbox 15 2495 837 2565; baseline 0.001 -21"><span class='ocrx_word' id='word_1_264' title='bbox 15 2507 144 2560; x_wconf 65' lang='lat' dir='ltr'>„seraa</span> <span class='ocrx_word' id='word_1_265' title='bbox 159 2495 285 2565; x_wconf 79' lang='lat' dir='ltr'>equidem</span> <span class='ocrx_word' id='word_1_266' title='bbox 298 2500 490 2548; x_wconf 83' lang='lat' dir='ltr'>concessero.“</span> <span class='ocrx_word' id='word_1_267' title='bbox 526 2510 553 2548; x_wconf 79' lang='lat' dir='ltr'>a.</span> <span class='ocrx_word' id='word_1_268' title='bbox 573 2495 659 2546; x_wconf 86' lang='lat' dir='ltr'>immo</span> <span class='ocrx_word' id='word_1_269' title='bbox 674 2511 740 2547; x_wconf 81' lang='lat' dir='ltr'>vero</span> <span class='ocrx_word' id='word_1_270' title='bbox 750 2504 779 2547; x_wconf 87' lang='lat' dir='ltr'>tc</span> <span class='ocrx_word' id='word_1_271' title='bbox 791 2511 837 2546; x_wconf 82' lang='lat' dir='ltr'>aa·</span> 
     </span>
     <span class='ocr_line' id='line_1_36' title="bbox 15 2562 837 2632; baseline -0.001 -17"><span class='ocrx_word' id='word_1_272' title='bbox 15 2563 158 2626; x_wconf 77' lang='lat' dir='ltr'>diamus3</span> <span class='ocrx_word' id='word_1_273' title='bbox 178 2565 232 2616; x_wconf 87' lang='lat' dir='ltr'>uisi</span> <span class='ocrx_word' id='word_1_274' title='bbox 246 2562 321 2619; x_wconf 80' lang='lat' dir='ltr'>forte</span> <span class='ocrx_word' id='word_1_275' title='bbox 330 2565 466 2619; x_wconf 86' lang='lat' dir='ltr'>Manilius</span> <span class='ocrx_word' id='word_1_276' title='bbox 478 2564 658 2617; x_wconf 82' lang='lat' dir='ltr'>interdictum</span> <span class='ocrx_word' id='word_1_277' title='bbox 673 2565 786 2632; x_wconf 82' lang='lat' dir='ltr'>aliquod</span> <span class='ocrx_word' id='word_1_278' title='bbox 796 2566 837 2615; x_wconf 84' lang='lat' dir='ltr'>in·</span> 
     </span>
     <span class='ocr_line' id='line_1_37' title="bbox 16 2631 838 2705; baseline 0.001 -19"><span class='ocrx_word' id='word_1_279' title='bbox 16 2639 75 2689; x_wconf 74' lang='lat' dir='ltr'>ter</span> <span class='ocrx_word' id='word_1_280' title='bbox 86 2631 163 2685; x_wconf 88' lang='lat' dir='ltr'>duos</span> <span class='ocrx_word' id='word_1_281' title='bbox 178 2635 254 2690; x_wconf 86' lang='lat' dir='ltr'>soles·</span> <span class='ocrx_word' id='word_1_282' title='bbox 267 2639 349 2705; x_wconf 82' lang='lat' dir='ltr'>put&#39;at</span> <span class='ocrx_word' id='word_1_283' title='bbox 360 2651 422 2691; x_wconf 82' lang='lat' dir='ltr'>csse</span> <span class='ocrx_word' id='word_1_284' title='bbox 431 2634 665 2704; x_wconf 83' lang='lat' dir='ltr'>componendum,</span> <span class='ocrx_word' id='word_1_285' title='bbox 682 2640 713 2687; x_wconf 81' lang='lat' dir='ltr'>ut</span> <span class='ocrx_word' id='word_1_286' title='bbox 723 2637 767 2687; x_wconf 81' lang='lat' dir='ltr'>ita</span> <span class='ocrx_word' id='word_1_287' title='bbox 777 2651 838 2688; x_wconf 81' lang='lat' dir='ltr'>cuc·</span> 
     </span>
    </p>
   </div>
   <div class='ocr_carea' id='block_1_4' title="bbox 0 0 1047 3025">
    <p class='ocr_par' dir='ltr' id='par_1_5' title="bbox 0 0 1047 3025">
     <span class='ocr_line' id='line_1_38' title="bbox 0 0 1047 3025; baseline 0 0"><span class='ocrx_word' id='word_1_288' title='bbox 0 0 1047 3025; x_wconf 95' lang='lat' dir='ltr'> </span> 
     </span>
    </p>
   </div>
  </div>
 </body>
</html>
