2084 3025
250 151 329 205 mn.
348 152 386 205 11.
424 112 507 206 cnr.
525 151 627 208 aas.
783 156 836 213 ans

37 253 103 312 Num
114 254 208 322 igitur,
218 262 267 307 aut
275 271 345 322 quae
353 262 505 324 tempestas
516 259 683 326 impendeat,
694 264 772 312 vates
780 276 837 314 me·

8 366 9 393 ,
36 323 86 375 lius
96 325 236 387 conficiet,
249 342 329 394 quam
340 328 526 394 gubernatum
547 338 595 380 aut
606 329 695 379 morbi
706 336 835 382 naturam

8 414 10 461 g
35 394 154 456 acutius,
177 395 405 461 quammedicus3
429 403 477 448 aut
486 398 556 449 belli
566 398 836 451 administrationem

8 466 13 513 ξ’
35 464 208 531 prudentius,
220 481 302 532 quam
313 465 477 532 imperator,
485 469 647 520 coniectura
656 467 837 535 assequetur!

84 530 204 586 saaca
219 535 415 598 animadverti,
436 536 553 599 Quinte,
575 544 603 589 te
614 544 694 590 caute
705 545 734 590 et
748 538 783 588 ab
799 537 837 588 iis

35 604 202 655 coniecturis
208 639 216 665 ,
233 620 303 672 quae
314 602 448 658 haberent
459 600 547 659 artem
559 614 642 675 atque
652 607 838 675 prudentiam,

35 679 61 725 et
69 672 104 724 ab
115 673 152 723 iis
164 673 258 738 rebus,
276 691 347 742 quae
356 675 483 727 sensibus
493 676 554 744 [aut
564 675 705 743 artificiis]
715 677 839 743 percipe·

35 748 136 804 rentur,
152 742 291 796 abducere
302 744 513 810 divinationem
535 761 651 812 eamque
661 747 702 796 ita
713 745 838 809 definire,

34 811 242 864 Divinationem
263 829 440 871 esseearum
459 830 554 866 rerum
574 814 791 881 praedictionem
812 820 842 866 et

35 881 274 947 praesensionem,
297 900 367 951 quae
378 892 471 935 essent
481 882 626 936 fortuitae.
662 882 786 935 Primum
796 896 842 934 eo·

34 951 95 1002 dem
105 951 270 1004 revolveris.
307 952 377 1004 Nam
389 958 418 1004 et
428 954 537 1016 medici,
554 961 582 1005 et
593 953 797 1021 gubernatoris,
813 957 842 1004 et

34 1020 213 1086 imperatoris
222 1023 385 1087 praesensio
395 1027 439 1074 est
449 1038 541 1075 rerum
551 1023 741 1075 fortuitarum.
767 1021 840 1074 Num

33 1091 120 1157 igitur
131 1096 182 1140 aut
192 1088 341 1158 haruspex,
364 1098 412 1143 aut
428 1106 528 1159 augur,
547 1099 684 1144 autvates
696 1091 771 1159 qais,
791 1097 842 1143 aut

34 1160 178 1211 somnians
188 1161 289 1213 melius
303 1161 465 1223 coniecerit,
486 1168 561 1214 aute
577 1163 674 1214 morbo
691 1176 840 1214 erasurum

36 1232 192 1296 aegrotum,
204 1237 252 1280 aut
262 1248 277 1282 e
288 1230 412 1296 periculo
425 1246 533 1297 navem,
545 1239 635 1283 auter
644 1231 753 1282 insidiis
764 1244 842 1283 exer·

37 1299 133 1361 eituni3
156 1314 239 1366 quarn
250 1300 384 1361 medicus,
400 1314 482 1365 quarn
493 1303 676 1367 gubernator,
698 1315 779 1367 quam
790 1300 842 1350 lm·

35 1365 165 1435 peratori
201 1365 244 1420 14.
263 1370 346 1436 Atqui
362 1384 396 1419 ne
412 1369 462 1420 illa
479 1370 590 1437 quidem
607 1370 759 1421 divinantis
780 1383 842 1420 esse

36 1437 161 1488 dicebas:
181 1438 280 1489 reatus
293 1437 342 1489 aut
356 1437 460 1507 imbres
476 1439 666 1506 impendentes
677 1438 842 1505 quibusdam

34 1506 208 1575 praesentire
222 1508 319 1578 signis.
342 1505 386 1569 'ln
402 1509 456 1577 quo
472 1516 570 1562 nostra
586 1507 722 1577 quaedam
741 1506 844 1559 Aratea

32 1577 198 1630 memoriter
208 1594 226 1629 a
235 1587 262 1631 te
273 1581 458 1648 pronuntiata
468 1587 541 1631 sunt.
564 1579 627 1630 Etsi
638 1577 707 1630 haec
717 1577 780 1642 ipsa
790 1575 845 1627 ior·

33 1649 107 1698 tuita
119 1653 199 1698 sunt:
221 1648 385 1718 plerumque
401 1650 487 1712 enim,
508 1665 563 1700 non
579 1663 688 1715 semper
705 1646 843 1698 eveniunt.

34 1717 113 1779 Quae
125 1724 170 1768 est
179 1716 279 1784 igitur,
299 1725 347 1769 aut
357 1718 407 1772 ubi
416 1725 546 1771 versatur
559 1718 739 1771 fortuitarum
751 1730 844 1767 rerum

33 1787 207 1853 praesensio,
228 1803 309 1854 quam
326 1788 528 1840 divinationem
542 1788 645 1840 vocas?
682 1786 760 1848 Quae
770 1785 843 1837 euim

34 1856 204 1921 praesentiri
221 1865 269 1909 aut
280 1864 349 1921 arte,
365 1866 413 1910 aut
424 1859 542 1918 ratione,
557 1864 606 1909 aut
615 1873 676 1920 usu,
693 1862 741 1908 aut
753 1855 844 1908 eunie-

36 1931 114 1979 otura
121 1933 249 1992 possunt,
258 1944 294 1979 ea
303 1943 358 1979 non
369 1928 470 1979 divinis
480 1926 630 1994 tribuenda
639 1934 729 1995 potas,
739 1925 786 1978 ssd
797 1940 844 1993 pe·

35 1993 105 2047 ritis.
129 1996 176 2047 lta
187 1997 364 2065 relinquitur,
378 2005 410 2048 ut
421 2013 455 2050 ea
465 1993 585 2051 fortuita
596 1997 716 2049 divinari
727 1997 843 2063 possint,

36 2078 104 2132 quae
113 2065 195 2117 nulla
205 2082 255 2119 nee
267 2069 328 2119 arte
339 2084 389 2120 nee
400 2065 540 2134 sapientia
555 2066 697 2134 provideri
713 2073 843 2133 possunt:

34 2139 76 2195 ut,
93 2134 120 2185 si
131 2136 193 2202 quis
203 2135 243 2188 M.
254 2136 420 2189 Marcellum
436 2137 529 2199 illum,
551 2138 599 2205 qui
610 2143 653 2189 ter
664 2135 767 2189 Consul
778 2134 841 2196 fuit,

32 2203 129 2254 multis
142 2205 222 2256 annis
234 2214 298 2259 ante
313 2206 431 2260 dixisset
442 2205 591 2274 naufragio
602 2221 663 2258 esse
673 2206 843 2273 periturum3

32 2271 188 2326 divinasset
200 2276 334 2342 profecto.
363 2268 450 2329 Nulla
461 2277 533 2329 enim
546 2284 605 2329 arte
617 2275 675 2328 alia
686 2275 724 2337 id,
739 2289 791 2325 nee
799 2289 843 2326 sa·

31 2342 142 2408 pientia
155 2345 228 2397 seire
238 2345 385 2412 potuisset.
413 2347 527 2399 Talium
538 2362 605 2414 ergo
616 2360 718 2407 rerum,
733 2343 841 2411 quaein

33 2410 152 2468 fortuna
162 2414 272 2480 positae
286 2423 366 2481 sunt,
384 2415 695 2486 praesensiodirinatio
706 2419 757 2465 est.
793 2410 841 2460 Vi.

8 2481 10 2490 '
33 2479 75 2535 15.
93 2482 230 2537 Potestne
240 2484 329 2553 igitur
339 2501 435 2538 earum
445 2502 554 2552 rerum,
573 2501 643 2552 quae
654 2480 726 2551 nihil
739 2477 843 2555 habeut

32 2552 164 2617 rationis,
184 2570 270 2625 quare
289 2553 401 2610 futurae
420 2558 490 2619 sint,
508 2555 569 2606 ulla
586 2569 648 2605 esse
667 2543 844 2616 praesensw!

33 2620 109 2683 Quid
120 2630 165 2674 est
174 2625 248 2698 enim
259 2623 338 2677 aliud
349 2626 422 2689 iors,
444 2622 509 2693 quid
525 2623 657 2700 fortuna,
675 2614 740 2683 quid
756 2625 845 2690 casua

36 2691 105 2814 (11ῑέ
107 2698 248 2817 ἔνὸξὶιὶςξ
249 2694 310 2818 ‘nisi
316 2710 401 2764 quum
408 2695 449 2748 sie
457 2691 564 2764 aliquid
571 2689 686 2807 cecgdrts
693 2677 735 2735 sie
745 2683 846 2787 evemt,
