2084 3025
209 120 214 127 ’
261 124 341 180 ure.
358 126 380 181 1.
417 126 502 182 oar.
520 126 626 184 suun.
792 118 862 185 191'

46 232 139 296 rideri,
159 231 305 300 praeclare
320 231 463 301 intelligo:
483 232 533 286 sed
546 233 575 286 id
591 234 682 302 ipsum
692 239 749 298 est,
768 232 845 289 Deos

44 319 96 356 nou
106 310 217 371 putare:
233 318 304 370 qnae
314 302 394 354 abiis
404 302 604 371 significantur,
614 310 800 358 contemnere.
853 316 861 326 ·

10 448 13 455 ,
94 405 204 458 XLVil.
224 403 284 459 105.
304 406 378 470 Quid
399 406 434 459 de
454 407 606 475 auguribus
626 408 741 477 loquari
767 410 847 462 Tuas

45 483 135 545 partes
145 482 223 528 eunte
235 483 322 539 tuum,
333 478 456 545 inquam,
466 478 653 544 auspiciorum
660 478 847 546 patrocinium

46 548 124 600 debet
139 561 208 598 esse.
246 547 313 598 Tibi
322 548 393 613 App.
405 546 539 599 claudius
554 563 644 617 augur
654 549 769 601 consuli
780 565 847 602 uun·

46 617 133 679 tiarit,
154 616 324 667 addubitato
335 616 441 668 Salutis
453 618 579 684 augurio,
600 618 704 670 bellum
715 618 847 672 domesti-

46 703 103 739 cum
123 686 206 737 triste
227 701 262 737 ac
279 687 470 739 turbulentum
485 686 561 739 iore:
581 687 657 754 quod
672 688 767 754 paucis
782 697 847 756 post

46 755 180 809 mensibus
196 762 339 825 exortum,
360 757 540 823 paucioribus
555 772 573 808 u
588 763 618 809 tu
634 763 677 809 est
692 757 789 809 diebus
800 773 847 826 op·

46 841 174 894 pressum.
213 827 264 877 Cui
275 825 385 892 quidem
399 827 500 893 auguri
511 824 691 879 vehementer
701 827 849 881 assentior.

10 912 16 923 ’·
48 897 123 949 Solus
134 895 208 948 enim
218 897 371 948 multorum
383 911 517 949 annorum
529 896 674 959 memoria,
685 910 740 948 non
751 896 849 949 decan·

46 967 121 1018 tandi
146 965 273 1032 augurii,
304 965 354 1017 sed
379 965 524 1019 divinandi
547 967 640 1019 tenuit
663 966 849 1034 disciplinam.

47 1039 128 1100 Quem
138 1034 296 1087 irridebant
306 1034 432 1103 collegas
442 1036 499 1097 tui,
518 1042 706 1104 cumquotusu
715 1034 848 1099 Pisidaos,

47 1113 100 1157 turn
110 1105 247 1158 Soranum
260 1120 391 1172 augurem
403 1121 465 1157 esse
480 1104 619 1158 dicebaut.
654 1105 762 1170 Quibus
772 1109 850 1159 nulla
877 1134 880 1139 ·

46 1175 187 1228 ridebatur
203 1176 233 1225 in
251 1176 374 1241 auguriis
389 1181 438 1226 aut
455 1170 589 1241 auspiciis
607 1177 770 1244 praesensio
789 1177 849 1245 [aut

47 1245 167 1314 seientia]
179 1245 307 1302 ueritatis
318 1245 442 1307 futurae,
453 1246 602 1311 sapienter,
614 1247 737 1310 aiebant,
748 1247 783 1298 ad
791 1247 849 1314 opi·

46 1316 148 1367 niunem
170 1314 366 1381 imperitorum
385 1328 447 1367 esse
466 1315 546 1366 dotas
568 1316 729 1383 religiones.
766 1314 849 1380 Quod

11 1446 12 1449 Ἴ
41 1385 122 1453 longe
133 1401 215 1437 secus
227 1390 278 1436 est.
307 1384 404 1451 Neque
415 1385 486 1435 enirn
497 1385 526 1436 in
537 1386 698 1452 pastoribus
710 1386 779 1447 illis,
790 1385 849 1453 qui·

10 1480 11 1485 ¹
43 1455 90 1509 bus
100 1454 236 1514 Romulus
246 1453 377 1522 praefuit,
389 1470 440 1506 neu
450 1455 479 1504 in
489 1455 551 1522 ipso
561 1455 681 1507 Romulo
692 1453 762 1507 haee
773 1456 849 1506 calli·

42 1523 111 1578 ditas
123 1531 184 1579 esse
195 1526 302 1593 potuit,
314 1531 346 1576 ut
356 1525 392 1577 ad
404 1540 527 1582 errorem
538 1525 728 1578 multitudinis
737 1525 849 1593 religio·

41 1597 81 1647 nis
91 1596 245 1648 simulacra
259 1596 408 1664 fingerent:
432 1594 481 1648 sed
494 1594 647 1647 difficultas
662 1595 798 1663 laborque
810 1595 850 1645 di·

42 1662 279 1719 scendi·disertarn
292 1666 493 1734 negligentiam
505 1664 639 1718 reddidit.
657 1665 769 1717 Malunt
775 1665 848 1718 enini

42 1737 184 1799 disserere,
193 1735 265 1786 nibil
276 1751 336 1788 esse
346 1736 375 1787 iu
386 1735 526 1802 auspiciis,
543 1750 634 1802 quarn,
654 1735 720 1803 quid
731 1736 777 1798 sit,
793 1734 849 1786 edi·

10 1859 11 1862 ,
42 1821 124 1859 scere.
145 1804 402 1868 monteursino
414 1806 538 1871 auspicio
550 1804 680 1869 divinius,
689 1804 763 1873 quod
774 1805 849 1874 apud

10 1929 12 1934 ,
42 1881 70 1927 te
79 1878 108 1928 in
117 1876 214 1928 Mario
226 1875 285 1928 esti
296 1883 327 1928 ut
336 1881 400 1927 utar
410 1876 588 1943 potissimum
597 1882 627 1929 te
636 1882 765 1930 auuorc:

74 1979 128 2033 Hie
139 1980 214 2033 iouis
223 1978 336 2032 altisoni
346 1978 435 2031 sedito
441 1978 561 2047 pinnata
572 1981 689 2045 satelles,

74 2048 188 2104 Arboris
201 2068 215 2101 e
226 2058 323 2102 trunco
333 2049 466 2118 serpentis
476 2049 570 2102 suueiu
581 2066 681 2113 nomeu,

74 2118 348 2202 Subigitipsufferis
358 2118 522 2201 transfigens
534 2119 678 2202 unguibus,
689 2136 806 2192 unguent

10 2245 11 2250 ,
74 2189 809 2259 tonitruorum-etuurmgruutercereseemicuutem.
897 2233 903 2252 ·,

10 2333 12 2368 Ι

10 2423 12 2454 l

75 2257 163 2324 Quem
173 2278 201 2312 se
210 2259 410 2325 intorquentem
425 2258 533 2312 leniens
543 2269 684 2326 rostroque
695 2271 851 2323 crustulum,
903 2256 905 2260 ’

75 2329 134 2382 ium
145 2329 251 2383 satiato
263 2329 373 2393 naiores,
384 2330 441 2382 ium
451 2329 532 2381 durus
544 2332 604 2381 ulta
616 2331 728 2394 dolores,

68 2399 180 2452 Attius
190 2397 337 2466 efflantem,
349 2408 375 2451 et
386 2403 538 2452 laceratum
549 2397 653 2470 affligit
662 2401 691 2453 in
703 2399 785 2454 undu.

69 2468 165 2537 Seque
174 2468 250 2521 obitu
261 2487 278 2521 a
288 2469 353 2521 solis
362 2468 461 2523 nitidos
470 2469 605 2522 couverte't
615 2469 654 2521 ud
661 2478 746 2521 ortus.

68 2539 158 2593 Hune
169 2538 223 2600 uti,
231 2538 410 2620 praepetibus
417 2539 510 2620 pinnis
521 2542 652 2620 lupsuque
660 2539 802 2593 uoluatur,

10 2627 12 2656 r
69 2608 226 2677 Conspexit
236 2608 356 2673 Murius,
367 2611 451 2661 dueum
462 2608 580 2661 rruruuu‘u
591 2622 684 2674 augur

68 2678 234 2747 Faustaque
244 2678 324 2749 signu
335 2695 400 2731 tuoe
411 2680 499 2732 laudis
510 2678 668 2744 reditusque
678 2669 792 2725 notauit.
