2084 3025
186 108 240 167 sm
283 136 289 145 -
451 81 710 158 ulceremus
746 127 767 141 «-

186 213 269 275 tuitu,
278 208 492 272 inconsiderate,
500 210 730 276 negligenterque
740 221 863 273 agam.
890 203 990 270 Neque

187 282 261 334 enim
270 281 312 331 ita
323 280 447 345 generati
461 295 478 331 a
490 285 590 329 natura
597 294 702 338 snmus,
717 283 748 327 ut
758 277 795 329 ad
805 277 903 327 ludum
914 282 942 326 et
950 276 993 324 io-

190 366 252 402 cum
272 349 340 401 iacti
352 364 416 400 csse
431 349 587 408 videamur,
606 347 686 413 [sed]
699 347 738 397 ad
751 347 930 398 severitatem
948 357 995 407 pm

190 421 257 480 tius,
275 425 307 469 et
322 417 358 468 ad
376 417 512 485 quaedam
526 418 619 467 studia
633 412 763 483 graviora
778 422 861 481 atque
875 413 995 464 maiora.

96 529 101 535 ,
190 488 270 541 Ludo
285 495 379 539 autem
395 493 424 539 et
439 489 502 537 icco
515 487 560 537 uti
571 487 621 537 illo
632 485 743 552 quidem
754 486 834 537 licet:
855 483 904 535 sed
920 481 996 533 sicut

190 573 287 610 sourno
299 564 327 609 ct
338 556 601 623 quietibuscetcris,
621 562 693 616 tum,
713 554 944 622 quumgravibus
956 564 997 601 se·

190 626 292 693 riisque
302 627 384 677 rebus
396 624 622 677 satisfecerimus.
647 625 796 690 ipsumque
806 639 893 691 genus
904 624 999 672 iocari·

192 696 287 747 dinen
295 696 440 763 profusum
451 710 502 746 nec
512 693 721 755 immodestum,
739 693 793 744 sed
807 694 959 757 ingenuum
970 691 1000 739 ci

139 760 142 766 ’
193 764 313 818 facetum
325 764 488 819 esscdcbet.
525 764 561 814 Ut
573 764 645 815 enim
653 763 750 828 pueris
767 761 1000 812 non-omnemlu·

193 834 277 886 deudi
290 834 430 886 licentiam
447 834 558 895 damus,
578 832 722 894 sedeam,
737 846 807 898 quae
816 831 856 881 cb
868 828 1001 882 'honestis

193 904 351 958 ectiombus
370 918 424 953 nou
443 902 481 952 sit
495 902 601 953 aliena:
622 901 663 951 sic
677 902 709 951 in
723 902 784 967 ipso
800 901 864 958 ioco
879 898 1001 965 aliquod

192 971 391 1040 probiingenii
398 972 493 1024 lumen
504 972 622 1023 eluceat.
659 968 719 1023 104.
735 970 846 1035 Duplex
858 975 901 1034 est
912 968 1002 1030 omni·

192 1053 229 1093 no
239 1041 354 1107 iocundi¹
361 1057 461 1109 genus:
477 1035 1002 1105 unumilliberalepetulcns,llagitio·
1027 1093 1040 1108 ·

192 1126 262 1171 sum,
284 1111 445 1179 qbseenum3
467 1111 596 1170 alterum,
616 1109 738 1175 elegans,
759 1107 904 1168 urbamim,
920 1108 1001 1173 inge-

143 1184 149 1191 “
192 1179 311 1239 ciosum,
324 1177 462 1232 facetum:
483 1194 539 1246 quo
549 1192 650 1245 genere
661 1194 716 1228 non
726 1177 810 1228 modo
817 1176 939 1227 Plautus
951 1191 1001 1227 uo·

184 1253 251 1298 ‘ster
261 1253 289 1299 et
298 1248 453 1298 Atticorum
464 1248 579 1314 entique
590 1247 748 1308 comoedia,
770 1246 819 1298 scd
834 1246 931 1297 etiam
938 1243 1002 1311 phi·

193 1315 371 1382 losephorum
388 1315 595 1382 Socraticorum
609 1316 677 1366 libri
691 1315 788 1367 referti
797 1322 874 1366 sunt:
898 1316 1002 1373 multar

193 1397 246 1453 que
258 1386 409 1438 multorum
419 1385 509 1439 facete
521 1386 611 1441 dictur.
631 1391 662 1435 ut
670 1400 714 1447 ea,
730 1401 800 1451 quac
811 1401 829 1435 a
838 1400 906 1436 senc
916 1386 1004 1435 Cute·

193 1456 447 1519 recollecta-suut,
469 1448 867 1522 quueuocantdnothfflew.
895 1453 1003 1505 Facilis

193 1527 280 1594 igitur
291 1533 332 1577 est
343 1526 486 1576 distinctio
497 1525 609 1592 ingenui
619 1530 647 1575 et
658 1524 806 1574 illiberalis
817 1524 882 1575 ieci.
921 1526 1004 1575 Alter

194 1602 246 1657 est,
263 1597 423 1660 tsi-tempere
434 1596 479 1656 tit,
495 1595 611 1650 recusso
623 1593 732 1644 hunnine
745 1593 859 1659 dignus3
879 1593 956 1645 alter
968 1608 1004 1646 nc

194 1665 283 1718 libe-o
300 1665 424 1730 quidem,
445 1666 471 1714 si
486 1679 576 1714 rerum
593 1663 759 1728 turpitudini
774 1660 925 1733 adhibetur
939 1678 1003 1714 rer·

195 1736 292 1789 borum
302 1735 475 1785 obscenitas.
511 1732 640 1783 Ludendi
658 1739 700 1783 est
713 1733 801 1783 ¹etiam
817 1732 930 1799 quidam
942 1747 1004 1784 ruo·

192 1803 246 1854 dus
258 1800 469 1864 retinendus,ut
479 1817 512 1852 ne
524 1801 607 1851 nimis
618 1802 712 1852 culnia
722 1800 933 1866 profundamus,
944 1802 1004 1852 else

118 1874 121 1879 ⁴
195 1872 426 1937 tiqusroluptatc
435 1872 466 1921 in
475 1871 599 1937 aliquam
611 1870 814 1936 turpitudinem
826 1870 1004 1923 delabamur.

193 1940 378 2006 Suppeditant
389 1948 480 1993 nutem
493 1947 520 1991 et
530 1955 642 2004 courpus
653 1945 786 1992 necteret
797 1940 891 1991 studie
898 1954 1003 1992 rennu-

192 2009 224 2071 di
234 2007 350 2060 honesta
365 2011 492 2077 exempla
502 2009 623 2068 ludendi.

194 2089 204 2099 ⁸
247 2077 342 2129 XXX.¹
355 2075 412 2130 105.
432 2078 487 2131 Sed
502 2079 621 2146 pertinet
640 2078 676 2130 ad
691 2094 800 2129 omnem
817 2078 903 2130 officii
918 2094 1004 2146 quac·

99 2201 106 2208 ,
194 2147 321 2208 ctionem,
332 2162 440 2213 semper
447 2150 479 2199 in
489 2155 619 2215 promptu
631 2148 742 2210 babere,
754 2157 887 2216 quantum
900 2156 1004 2201 natura

193 2214 313 2267 bominis
324 2217 476 2282 pecudibus
487 2219 658 2286 reliquisque
668 2218 770 2269 belluis
781 2218 940 2270 antecedat.
968 2218 1003 2269 ll·

194 2285 241 2345 lae
251 2283 320 2335 nihil
331 2286 461 2349 sentiunt,
472 2288 526 2339 nisi
534 2283 716 2353 uoluptatem,
733 2286 769 2336 ad
777 2303 897 2354 eamque
909 2287 1004 2339 ierun-

192 2360 241 2406 tur
255 2355 329 2406 omni
341 2355 461 2421 impetu:
480 2355 601 2407 beminis
613 2364 705 2417 cutem
718 2371 794 2408 inens
806 2357 940 2410 discendo
952 2356 1005 2408 ali·

194 2428 240 2475 tur
262 2430 290 2477 et
310 2425 472 2492 cogitando,
492 2441 603 2490 semper
624 2426 729 2492 aliquid
745 2432 794 2476 aut
809 2428 933 2494 anquirit
952 2431 1004 2477 aut

192 2492 266 2559 egit,
286 2494 451 2558 ridendique
472 2499 501 2543 et
518 2495 651 2546 audiendi
673 2495 858 2547 delectatione
879 2496 1003 2549 ducitur.

195 2561 267 2622 Quin
279 2565 376 2624 ctiam,
394 2563 419 2611 si
430 2561 491 2626 quis
502 2569 545 2612 est
556 2565 651 2628 paullo
667 2565 701 2615 ml
712 2565 872 2630 voluptates
883 2580 1005 2631 propen-

64 2682 68 2689 ,
144 2654 148 2671 r
195 2632 262 2696 sicr,
271 2634 353 2692 mede
364 2646 399 2683 ne
408 2631 446 2683 sit
457 2644 492 2682 ex
502 2633 639 2697 pecudum
651 2649 761 2702 genere,
770 2641 845 2705 (suut
855 2635 1003 2702 enimqui·

603 2740 605 2749 Α
962 2710 965 2739 Ι
