2084 3025
8 47 55 208 ‚m

194 143 198 147 ·
228 145 232 149 ·
260 117 340 173 LIB.
358 118 380 173 Ι.
416 114 632 173 CAN-dd.
831 117 850 173 ⁷

8 217 10 274 i
43 223 137 275 simus.
170 219 245 274 Nam
256 237 339 289 quum
352 222 411 274 otio
421 221 626 289 langueremus,
638 219 849 276 etlsesseirei·

42 292 171 359 publicae
182 296 283 353 matus,
296 298 328 342 ut
338 306 398 343 eam
408 292 490 343 unias
502 292 620 344 consilio
631 298 715 359 atque
725 307 792 343 cura
801 305 850 359 gu·

8 371 9 374 ’
42 361 152 413 berneri
175 376 290 412 necesse
314 367 400 413 esset:
428 361 548 427 primurn
570 362 656 428 ipslus
678 361 850 430 reipublicae

42 446 143 482 caussa
153 428 361 496 philosophiam
371 432 476 481 nostris
490 428 646 482 hominibus
657 429 849 498 explicandam

43 500 153 569 putavi,
174 499 269 566 magni
283 499 446 551 existimans
460 499 596 554 interesse
615 501 651 553 ad
666 500 749 551 decus
765 507 793 550 et
813 498 849 550 ad

43 570 156 622 laudern
166 569 301 631 civitatis,
318 575 432 620 restam
444 584 553 651 graves,
568 577 681 637 tamque
690 569 851 638 praeclaras

44 637 154 690 Latinis
167 638 255 689 etiam
266 638 370 689 litteris
380 640 527 692 contineri.
563 640 589 691 8.
599 639 695 707 quue
706 655 749 691 mc
760 640 850 689 minus

47 708 171 758 instituti
182 709 239 759 mel
249 709 384 773 poenitet,
397 709 470 775 quod
483 709 568 760 facile
577 710 677 770 sentio,
688 724 769 775 quam
782 706 851 759 mol·

46 782 136 827 torum
147 792 204 827 non
215 776 300 830 modo
315 777 446 839 discendi,
455 778 505 829 sed
515 778 601 830 etiam
609 776 852 829 scribendistudia

50 847 253 898 commoverim.
287 845 451 913 complures
461 848 534 899 enim
545 847 660 898 Graecis
670 845 851 900 institutioni·

8 923 9 926 ’
48 912 96 965 hus
107 915 227 977 eruditi,
246 929 294 977 ea,
316 930 386 982 quae
402 915 571 974 didicerant,
592 931 654 966 curn
670 913 776 968 clribus
792 915 851 966 sois

8 985 9 988 ’
46 986 251 1038 communicare
262 999 316 1035 non
326 990 465 1050 poterant,
476 984 551 1052 quod
559 984 619 1047 illa,
629 999 699 1051 quae
711 1000 728 1035 a
737 983 854 1036 Graecis

46 1053 232 1120 accepissent,
251 1053 354 1105 Latine
370 1053 427 1104 dici
442 1069 524 1120 posse
545 1052 709 1107 diffiderent.
746 1053 852 1116 Quoia

45 1137 146 1193 genere
162 1128 271 1174 tantum
283 1123 436 1189 profecisse
451 1122 589 1187 ridemur,
609 1128 641 1176 ut
659 1123 803 1176 aGraecis
817 1137 853 1176 ne

44 1194 194 1244 verboram
222 1192 333 1258 quidem
355 1193 435 1260 copia
459 1193 640 1245 vinceremur.
680 1192 706 1246 9.
728 1194 854 1246 Hortata

47 1264 131 1313 etiam
142 1267 194 1323 est,
206 1268 238 1311 ut
248 1277 292 1313 me
301 1261 337 1313 ad
348 1260 417 1313 haec
427 1260 592 1326 conferrem,
604 1263 853 1330 animlaegritudo,

47 1331 177 1383 fortunae
187 1345 291 1397 magna
302 1336 331 1383 et
343 1332 423 1399 gravi
436 1333 695 1385 commota'ioiuria.
731 1334 816 1384 Cuius
827 1332 853 1385 sl

46 1402 181 1460 maiorem
203 1401 327 1468 aliquam
351 1401 520 1454 levationem
546 1404 670 1469 reperire
687 1403 852 1470 potuissem,

46 1486 103 1522 non
115 1471 151 1521 ad
162 1468 231 1522 hanc
242 1471 419 1537 potissimum
430 1469 626 1540 confugissem.
662 1473 705 1525 Ea
713 1486 780 1524 vero
791 1472 854 1540 ipss

46 1541 124 1593 nulla
133 1541 243 1593 ratione
253 1541 354 1593 melius
365 1539 421 1592 frui
431 1541 525 1607 potul,
546 1557 629 1609 quarn
639 1544 665 1595 si
673 1558 717 1595 me
728 1557 782 1593 non
794 1556 852 1594 mo·

49 1610 82 1661 do
96 1610 135 1660 ad
148 1611 284 1677 legendos
299 1609 399 1671 libros,
418 1610 468 1661 sed
484 1611 569 1661 etiam
585 1611 621 1662 ad
631 1616 720 1662 totam
730 1609 853 1678 philoso-

49 1679 142 1746 phiam
152 1677 377 1746 pertractandam
389 1678 539 1731 dedissem.
573 1679 676 1731 Omnes
687 1686 780 1730 autern
792 1680 852 1731 eius

47 1755 141 1815 partes
151 1754 235 1814 atque
244 1748 339 1799 omnia
349 1747 474 1799 membra
484 1748 861 1811 eumfacillimenoscuntun'

49 1832 129 1884 quum
145 1825 223 1869 totae
234 1817 412 1884 quaestiones
423 1817 571 1871 scribendo
582 1818 765 1886 explicando.
801 1818 854 1871 Est

8 1932 9 1941 ,
49 1889 121 1939 enim
131 1886 306 1939 admirabilia
317 1886 452 1954 quaedam
471 1887 645 1940 continuatio
659 1891 800 1956 seriesque
810 1902 853 1941 ro·

8 1948 9 1987 l
49 1963 121 2018 rom3
140 1957 241 2008 utalia
255 1972 290 2009 ex
306 1956 365 2007 alia
378 1970 464 2019 nexa,
486 1962 514 2008 et
529 1971 625 2009 omnes
639 1957 714 2009 inter
728 1964 852 2025 saeptae

51 2027 254 2094 colligataeque
274 2024 430 2078 videantur.
466 2024 501 2077 V.
520 2022 564 2077 10.
580 2026 635 2087 Qui
651 2032 742 2079 autern
762 2028 853 2095 requi·

49 2101 121 2158 nint,
142 2095 209 2162 quid
221 2109 330 2162 quaque
341 2094 376 2145 de
385 2110 416 2146 re
426 2094 481 2161 ipsi
491 2095 657 2155 sentiamus,
677 2096 812 2148 curiosius
823 2095 854 2147 id

49 2163 167 2227 faciunt,
187 2180 269 2232 quam
279 2179 393 2216 neccsse
407 2169 458 2216 est.
495 2163 558 2216 Non
569 2164 642 2216 enim
652 2171 710 2217 tam
721 2165 854 2233 ouctor[i·

49 2234 134 2301 iatJes
147 2235 177 2286 in
188 2233 372 2300 disputando,
392 2247 473 2300 qnam
488 2233 606 2285 rationis
622 2242 763 2287 momenta
772 2250 854 2302 quoe·

8 2346 9 2369 q
49 2303 136 2355 reoda
155 2311 227 2355 sunt.
264 2303 441 2364 Quinetiam
461 2302 541 2354 obest
557 2303 719 2372 plerumque
734 2305 785 2367 iis,
807 2302 855 2372 qui

8 2396 9 2435 q
48 2371 155 2425 discere
165 2374 272 2433 volunt,
289 2372 442 2424 auctoritas
454 2386 565 2435 eornm,
583 2373 670 2440 quise
681 2373 781 2426 docere
792 2386 854 2439 pro·

8 2440 9 2515 l
49 2442 172 2494 litentur.
207 2441 348 2494 Desinunt
367 2441 441 2493 enim
461 2454 542 2492 suum
558 2442 692 2493 indiciam
710 2442 854 2494 adhibere:

8 2524 9 2563 1
47 2511 76 2563 ld
86 2510 192 2563 habent
201 2518 303 2572 ratum,
324 2510 398 2578 quod
409 2512 444 2562 ab
455 2525 499 2572 eo,
514 2525 596 2577 quem
608 2512 737 2578 probant,
753 2509 856 2559 iudice·

8 2568 9 2585 ¹
48 2586 106 2634 tum
116 2580 222 2633 vident.
239 2604 242 2611 ·
255 2579 316 2632 Nec
324 2594 392 2631 vero
402 2579 523 2646 probare
532 2580 611 2630 soleo
623 2579 662 2641 id,
673 2577 746 2645 quod
758 2577 792 2627 de
803 2575 857 2641 Py·

50 2647 197 2718 thagoreis
207 2651 379 2716 accepimus:
392 2662 461 2717 quos
468 2647 573 2711 lerunt,
584 2647 683 2715 siquid
689 2646 858 2697 affirmarent

8 2730 10 2747 r

8 2872 11 2939 ql
91 2902 98 2909 ,
