2084 3025
151 70 203 126 222
352 121 355 129 ,
383 66 439 121 nu
460 64 515 119 nu
535 29 727 121 rusmct⁴

150 172 185 226 de
197 177 245 225 aut
257 170 304 223 uni
314 170 494 223 tribuendum
506 178 565 236 est,
585 179 635 225 aut
650 170 767 225 deiectis
778 169 955 241 quibusdem,

150 249 199 296 aut
223 240 428 308 suscipiendum
454 245 500 294 est
517 243 690 296 multitudini
710 249 795 309 atquc
815 243 967 295 omnibus,

63 339 66 348 ⁴
151 312 243 374 Quare
254 326 339 378 quum
348 325 433 377 penes
443 327 529 362 unum
540 321 584 364 est
600 317 722 364 emnium
732 327 841 364 summa
851 327 956 374 rerum¹

152 381 257 449 Regem
267 381 348 432 illum
358 397 442 432 unum
452 397 598 447 vacamus,
617 389 645 435 ct
656 397 771 450 regnum
782 382 842 434 eius
853 382 896 433 rei
906 396 956 448 pu·

152 451 243 503 blicae
267 457 382 502 statum.
418 453 509 514 Quum
534 459 627 518 autem
650 457 693 504 est
714 466 799 519 penes
818 450 956 513 delectos,

152 527 212 574 tum
232 520 285 573 illa
306 520 405 572 civitas
426 522 602 587 optimatium
624 519 742 573 arbitrio
758 521 820 588 regi
841 519 955 572 dicitur.

152 590 205 662 illa
216 596 309 643 autem
320 595 363 641 est
377 590 474 641 civitas
485 586 653 657 popularisj
666 591 708 642 sic
718 590 791 642 enim
802 590 957 657 appellant¹
1033 591 1034 610 ¹

151 661 182 714 iu
202 675 258 726 qua
272 661 300 710 in
316 659 498 725 populosum
513 661 615 713 omnia.
650 661 739 727 Atque
755 658 854 711 horum
868 658 956 710 trium

151 742 283 799 generum
294 726 421 795 quoivis,
428 729 454 779 si
465 735 559 780 teneat
569 729 641 781 illud
650 729 805 790 vinculum,
814 727 888 795 quoti
898 728 959 794 pri·
1033 733 1034 776 3

152 813 227 851 mum
243 796 366 850 homines
387 798 461 849 inter
475 814 505 850 sc
519 800 563 850 rei
573 799 702 865 publicae
712 799 849 850 societate
861 797 956 849 devia·
1033 803 1034 846 ζ

152 869 209 932 xit3
231 882 285 918 non
296 864 451 933 perfectum
464 868 536 919 illud
550 868 661 934 quidem
672 884 760 936 neque
772 883 834 920 mea
845 871 957 918 senten·

105 965 107 972 ι
146 938 194 994 ¹tia
214 936 365 1004 optimum,
386 936 435 988 sed
446 937 594 990 tolerabile
605 946 715 1001 tamen3
735 939 787 988 ut*
804 935 883 1003 aliud
896 935 956 987 alic

151 1007 243 1075 possit
263 1020 324 1057 esse
344 1007 543 1071 praestantius.
579 1006 654 1059 Num
667 1007 712 1059 vel
722 1008 781 1059 Rex
799 1021 905 1073 aequus
922 1020 956 1056 ac

153 1076 277 1142 sapiens3
296 1074 342 1126 vel
359 1074 462 1127 delecti
479 1092 513 1127 ac
522 1076 662 1143 principes
674 1077 762 1140 cives3
779 1075 826 1128 vel
837 1075 896 1143 ipse
906 1088 957 1141 pa·

152 1145 245 1215 pulus,
265 1158 431 1209 quamquam
441 1144 469 1197 iti
481 1152 525 1197 est
536 1146 648 1197 minime
659 1145 841 1214 probandum,
851 1150 957 1196 *temen

152 1214 237 1266 aullit
248 1213 403 1265 interiectis
413 1214 611 1282 iniquitatibus
623 1223 670 1267 aut
676 1214 885 1297 cupiditatibus,
892 1228 957 1281 pes·
991 1257 994 1264 .

152 1283 302 1337 revidetur
312 1282 407 1349 aliquo
420 1300 481 1335 esse
493 1300 548 1335 nnn
558 1286 665 1337 incerto
678 1291 761 1337 statu.

204 1351 318 1403 xxvli.
339 1351 394 1404 Sed
411 1354 482 1405 etin
496 1355 589 1422 regnis
602 1355 687 1405 ciniis
696 1359 824 1420 expertes
835 1359 902 1404 sunt
913 1369 958 1406 ce·

150 1420 207 1474 teri
228 1423 381 1473 communis
401 1421 471 1474 iuris
491 1430 520 1474 et
541 1424 664 1475 consilii:
684 1430 713 1476 et
731 1424 762 1475 in
775 1424 957 1490 optimatium

152 1489 295 1544 dominatu
310 1492 357 1563 vix
370 1493 508 1561 particeps
522 1493 664 1547 libertatis
679 1498 773 1561 potest
788 1509 849 1546 esse
861 1493 960 1546 mulli·

141 1560 235 1623 suido,
256 1575 340 1628 quum
352 1563 427 1614 omni
436 1564 555 1615 consilio
566 1565 703 1615 communi
714 1580 746 1615 nc
757 1569 901 1630 potestate
913 1578 957 1615 ca·
1034 1608 1035 1615 ,

149 1634 224 1683 reat:
248 1637 276 1683 et
288 1646 370 1697 quum
381 1633 475 1684 omnia
489 1649 539 1700 per
548 1635 680 1701 populum
690 1641 838 1702 geruntur,
860 1647 957 1700 quam·

148 1700 194 1752 ‘vis
204 1700 307 1750 iustum
320 1708 403 1768 atque
413 1703 600 1766 moderatum,
620 1711 712 1755 tamen
723 1704 785 1770 ipsa
800 1702 958 1770 aequabili·

150 1774 194 1821 tas
205 1774 248 1819 est
258 1769 362 1835 iniqua,
374 1786 457 1838 quum
467 1771 570 1824 habeat
581 1772 674 1823 nullm
684 1772 787 1840 gratim
796 1772 957 1840 dignitatis.

108 1888 111 1891 ,
146 1837 247 1904 Itaque
257 1838 283 1888 si
293 1839 382 1904 Cyrus
391 1840 439 1892 ille
452 1841 551 1893 Perses
561 1842 731 1893 iustissimus
741 1841 795 1893 fuit
805 1842 959 1908 sapientis·
1034 1844 1035 1907 ζ

148 1906 290 1974 simusque
300 1907 374 1972 ilex,
395 1914 489 1963 tamen
504 1910 574 1961 mihi
586 1911 681 1978 populi
691 1927 749 1974 res3
770 1927 804 1962 ea
815 1911 889 1963 enim
902 1915 959 1974 ests

148 1982 183 2028 ut
193 1976 250 2027 clini
261 1983 357 2041 antea,
366 1981 495 2045 publica3
504 1997 559 2033 non
569 1981 690 2035 maxime
699 1980 856 2047 expetenda
865 1979 957 2034 tuisse

148 2046 331 2110 lilasidetur‚
351 2064 443 2116 quum
448 2057 594 2121 pegeretur
608 2051 689 2102 unius
704 2056 781 2103 nutu.
816 2051 856 2101 Ac
867 2049 957 2101 inodo

148 2117 174 2170 ei
183 2117 372 2190 Massilienses
382 2119 600 2191 nostri3clientes
610 2137 662 2188 per
675 2120 799 2171 deiectos
812 2125 841 2171 et
851 2120 956 2186 princi·

1033 1922 1035 1969 i

148 2178 197 2252 pei
209 2186 282 2237 cives
292 2202 398 2253 summa
408 2190 519 2257 iustitia
530 2197 672 2259 reguntur,
692 2191 764 2241 inest
773 2190 868 2241 tamen
878 2190 908 2240 in
920 2203 958 2242 ea
1034 2188 1035 2191 ’

148 2255 411 2323 mnditioncpcpuli
424 2255 578 2329 similitudo
591 2258 724 2328 quaedam
736 2259 892 2311 servitutis.
923 2257 956 2310 Si
1034 2294 1035 2297 κ

147 2321 327 2376 Athenienses
338 2327 502 2392 quibusdam
513 2330 694 2397 temporibus,
709 2327 819 2380 subiato
830 2329 954 2396 Areopa·

146 2405 192 2469 gp,
205 2391 274 2442 nihil
285 2394 340 2443 nisi
354 2397 449 2462 populi
461 2399 543 2451 scitis
554 2415 587 2452 ac
598 2398 716 2452 decretis
728 2414 744 2449 a
765 2400 862 2462 ebantt
882 2411 952 2465 (1¹¹0·

145 2472 218 2508 niam
230 2460 377 2514 distinctos
388 2465 532 2533 dignitatis
542 2468 645 2536 gradus
655 2484 710 2521 nun
720 2464 756 2519 iia
777 2467 871 2530 ebant,
894 2482 951 2521 nea

144 2528 258 2578 tenebat
272 2538 398 2584 ornatum
408 2551 487 2587 suum
499 2538 607 2590 civitas.

194 2591 320 2652 xxviii.
339 2602 432 2674 Atque
451 2603 505 2659 hoc
518 2606 620 2677 loquor
635 2605 670 2662 tie
685 2607 774 2663 trihus
783 2604 826 2660 his
838 2606 955 2676 generi·

950 2708 1035 2765 a,
