2084 3025
267 148 351 204 Liri.
367 146 390 204 Ι.
426 148 511 205 ῦΑΡ.
526 148 552 203 5.
567 147 595 203 d.
609 150 638 204 7.
802 148 857 209 155

50 255 93 311 Do
101 255 202 325 quirun
214 253 351 323 quidipoe
362 255 490 319 rentiam,
507 254 533 306 ri
544 250 646 322 placet,
658 267 803 322 aponum,
815 255 858 310 ita

48 334 158 388 tamen,
178 326 206 376 ri
221 340 306 389 uaeas
318 325 426 387 animo,
443 323 628 392 nequehnbea
639 324 760 393 aliquid,
783 325 858 393 quod
922 367 931 373 .

51 395 111 449 hoio
127 396 252 447 sermoni
267 394 498 461 praevertendum
513 401 606 461 putea.
643 391 685 447 11.
705 395 766 462 Ego
781 410 858 459 vero,

49 467 173 534 inquam,
193 462 401 531 philosophiae,
423 464 539 528 Quinte,
559 480 757 532 aempervaco.
794 464 858 518 Hoc

47 542 140 591 nutem
151 540 292 602 tempore,
312 549 394 601 quom
410 534 447 585 rit
457 534 530 587 nihil
541 535 632 597 aliud,
652 534 727 603 quod
738 534 859 587 libenter

51 621 130 673 agere
141 605 260 671 possim,
281 605 370 657 multo
385 605 476 671 megin
487 616 557 658 areo
572 604 683 667 audire,
705 605 740 657 de
751 603 858 658 diviua·

49 677 122 728 tione
132 674 201 741 quid
211 675 327 727 seutiae.

97 743 191 806 Nihil,
211 745 317 811 inquit,
335 743 464 811 equidem
475 744 555 807 novi,
574 759 639 809 nee,
660 743 858 812 quodpraeter

51 814 226 880 cetmosipae
237 815 365 867 seutiam.
383 814 455 866 Nam
484 830 550 866 uum
561 815 785 882 antiquissimam
794 830 858 867 aen·

2 894 8 901 “
48 879 170 946 tentiam,
187 890 249 934 tum
260 885 382 937 omnium
393 830 559 951 popudoium
570 884 599 936 et
608 885 731 952 gentium
744 898 857 936 moren-

49 969 80 1006 ιιι
94 955 307 1020 comprobatam
322 968 432 1022 aequor.
468 954 532 1006 Duo
547 961 613 1005 eunt
628 955 702 1006 enim
713 952 858 1006 divinandi

49 1038 161 1147 penora,
185 1038 302 1090 quorum
313 1024 430 1077 alterurn
441 1025 514 1076 artis
524 1031 576 1087 ort,
598 1024 719 1079 alterum
730 1030 856 1077 natum.

65 1095 88 1149 2.
106 1094 185 1156 Quae
196 1098 240 1145 est
251 1099 343 1148 autem
358 1109 425 1162 gena
447 1103 496 1149 aut
506 1110 576 1161 quae
586 1096 700 1157 civitae,
721 1109 792 1163 quae
802 1109 858 1146 non

49 1169 95 1216 aut
109 1165 185 1216 extis
201 1163 353 1230 pecudum,
373 1171 421 1216 aut
438 1172 565 1219 moretm
584 1171 634 1216 aut
650 1164 858 1233 fulgur-ainten-

48 1234 226 1300 protantium,
239 1238 287 1285 aut
297 1249 441 1303 augurum,
449 1243 498 1287 aut
509 1236 727 1302 astrologorum,
738 1240 787 1285 aut
798 1247 858 1285 ror·

48 1304 123 1366 tium,
145 1308 198 1368 (ea
209 1305 284 1357 enim
293 1305 352 1357 fere
364 1307 434 1357 artie
444 1310 525 1369 runt)
538 1313 587 1357 aut
598 1306 785 1363 somniorum,
807 1310 857 1355 aiut

47 1374 290 1439 vaticinationum,
309 1373 478 1438 (haeoeninr
490 1376 547 1426 duo
557 1376 696 1426 naturalia
706 1376 857 1443 putantne)

47 1443 240 1509 praedictione
250 1445 414 1499 moreaturi
424 1443 549 1505 Quarum
560 1444 671 1512 quidem
677 1458 770 1495 rerum
777 1457 857 1494 eren·

47 1515 198 1581 maingis,
219 1514 355 1575 arbitror,
376 1530 458 1580 quam
473 1529 589 1565 caussae
605 1516 703 1580 quaeri
715 1519 856 1582 oportere.

46 1582 182 1641 Eatenim
199 1583 244 1636 ris
258 1587 287 1638 et
301 1589 402 1635 natura
412 1583 564 1650 quaedam,
587 1599 659 1650 quae
679 1589 742 1634 tuin
765 1582 858 1632 obuer-

45 1654 216 1717 ratiaiongo
225 1657 354 1718 tempore
366 1653 627 1720 significationibus,
638 1658 699 1703 tum
711 1651 807 1717 aliquo
817 1651 857 1701 in·

45 1723 149 1775 atiaotu
166 1720 325 1788 inflatuque
345 1721 439 1776 divino
459 1722 557 1775 futura
572 1722 760 1789 praenuntiat.
797 1719 856 1772 vri.

44 1792 135 1855 Quare
146 1793 265 1847 omittat
276 1807 375 1859 urgere
381 1793 552 1847 Carneades:
565 1793 639 1862 quod
644 1792 767 1846 faciebat
772 1790 857 1844 etiarn

44 1859 210 1925 Panaetius,
226 1862 387 1929 requirens,
407 1863 567 1931 Iuppiterne
582 1863 722 1915 cornicem
738 1861 856 1923 ulnera,

46 1945 158 1986 corvum
175 1947 193 1983 a
209 1932 309 1984 dextra
324 1947 423 1985 canere
439 1934 582 1987 iussisset.
618 1934 775 1992 Observata
791 1937 856 1983 runt

45 1997 112 2054 haee
121 2008 252 2069 tempore
259 2003 413 2067 immenso,
434 2009 462 2055 et
477 2003 506 2053 in
521 2003 728 2071 significatione
739 2009 856 2054 eremus

45 2072 244 2124 animadversa
254 2077 282 2125 et
293 2078 399 2125 notata.
436 2071 515 2125 Nihil
531 2080 574 2124 eat
585 2081 693 2135 autem,
711 2071 786 2140 quod
796 2072 855 2123 lon·

42 2142 186 2211 &aquitan
203 2148 359 2209 temporum
379 2142 537 2209 excipiente
548 2143 682 2195 memoria
693 2141 855 2209 prodendis·

42 2225 93 2332 Τιε
115 2210 308 2263 monumentis
329 2210 437 2264 efficere
457 2218 541 2280 atque
559 2213 669 2280 assequi
685 2227 740 2264 non
756 2211 869 2280 poerit.x

52 2278 82 2352 Ι3.
100 2281 207 2332 Mirari
225 2280 307 2343 lieet,
329 2297 400 2350 quae
419 2279 475 2333 aint
498 2282 692 2336 animaduersa
707 2298 724 2333 a
738 2279 854 2333 modicia

41 2346 195 2404 herbarum
212 2365 330 2417 genera,
351 2367 421 2419 quae
436 2351 561 2403 radicum
577 2351 613 2404 ad
628 2367 737 2403 morena
752 2350 855 2403 bestia·
904 2353 905 2360 ’

41 2432 109 2483 rom,
122 2421 161 2473 ad
172 2420 319 2472 oculorum
329 2422 451 2485 morbos,
471 2422 507 2478 ad
518 2422 647 2473 vulnera:
668 2435 784 2487 quorum
796 2419 854 2469 vim

40 2496 126 2559 atque
142 2495 274 2542 naturam
290 2491 363 2542 ratio
379 2506 537 2559 numquam
544 2491 709 2558 explicavit,
728 2488 854 2539 utititate

39 2565 66 2611 at
78 2576 128 2611 ara
140 2565 187 2613 est
197 2564 226 2611 et
236 2559 366 2612 inventor
375 2562 517 2628 probatur.
537 2562 604 2625 Age,
615 2575 658 2619 ea,
669 2571 749 2622 quae,
762 2569 854 2619 quom-

40 2640 126 2695 quanr
136 2645 175 2683 ex
186 2629 245 2681 alio
255 2642 357 2696 genere
368 2637 442 2694 aunt,
454 2636 557 2683 nmen
567 2624 735 2681 divinationi
744 2626 809 2672 aunt
819 2621 855 2671 ri-

37 2698 167 2765 iaiiiora,
182 2698 340 2758 videamur.
386 2715 388 2722 ·
818 2703 824 2710 “
