2084 3025
193 103 248 165 aas
410 71 769 156 usnrv1nnrruna
821 109 826 126 ¹

195 205 367 259 Chaldaeos!
382 221 498 274 quorum
508 223 641 274 generum
651 207 757 258 nullum
767 211 818 268 est,
829 219 865 258 ex
874 219 934 274 quo
944 218 1002 257 non

195 276 310 342 aliquid,
321 277 393 327 sieut
407 276 579 342 praedictum
590 278 638 340 sit,
650 277 779 328 eruerit.
814 275 892 343 Ergo
904 281 959 326 aut
970 288 1005 328 en
1040 276 1041 337 l

196 360 306 412 quoque
316 359 419 411 genera
428 345 572 395 divinandi
581 352 657 397 sunt:
668 361 740 411 quae
749 351 780 397 tu
788 344 1006 396 rectissimeint·
1040 344 1041 353 ’

174 415 312 481 ,probasz
335 420 394 477 aut,
409 415 435 464 si
445 423 626 476 casensem,
642 429 698 467 non
708 415 847 480 intelligo,
869 411 1008 464 ‹nnhsec
1041 421 1042 458 l

196 483 252 534 duo
263 483 327 544 sint,
347 498 417 549 quae
428 480 571 550 relinquis.
608 485 672 545 Qua
681 499 748 550 ergo
759 485 869 534 ratione
880 480 957 534 haec
966 483 1009 535 is·

153 595 156 599 .
199 552 289 612 ducis,
300 552 396 604 oddoni
406 552 457 603 illa
467 560 585 619 possunt
595 569 665 616 esse,
676 568 747 619 quae
756 553 845 603 tollis.

241 619 313 672 LlV.
326 617 384 671 110.
400 620 474 681 Quid
485 637 552 673 vero
563 621 648 673 habet
656 623 834 674 auctoritatis
845 619 929 671 furor
940 618 1011 682 iste,

197 705 279 758 quern
290 689 411 751 dirinmu
422 692 540 752 vocatis,
560 698 603 753 ut,
622 706 694 758 quae
711 691 820 758 sapiens
831 704 887 740 non
897 688 1011 749 rideat,

196 775 233 812 ea
242 759 337 810 videat
346 759 465 822 insanus,
476 766 505 811 et
513 761 549 822 is,
560 761 608 827 qui
616 758 854 812 hunianossensus
862 758 1011 819 amiserit,

198 828 309 880 divinos
321 835 463 880 assecutus
470 828 530 878 siti
559 829 686 896 Sibyllae
699 844 796 881 versus
811 829 1012 890 observamus,

191 910 268 966 ‘quos
285 897 336 948 illa
355 897 449 948 furens
469 896 577 950 fudisse
592 898 708 949 diciturs
730 912 846 965 quorum
862 896 1012 962 interpres

197 981 286 1034 nuper
295 965 369 1017 falsa
380 966 498 1031 quadam
510 965 650 1018 homiuum
660 966 736 1019 fania
746 967 866 1018 dicturus
878 965 909 1015 in
920 964 1014 1017 Sena·

197 1043 229 1088 tu
241 1037 402 1102 putabatur,
412 1050 485 1089 cum.
504 1051 625 1102 quemre
634 1051 702 1089 vera
711 1037 814 1105 Regem
824 1034 1017 1098 habebamus,

198 1104 392 1171 appellandum
403 1118 512 1171 quoque
522 1121 583 1158 esse
594 1107 711 1174 Regem,
731 1106 756 1157 si
765 1104 838 1156 salvi
847 1119 911 1156 esse
921 1104 1018 1157 velle·

198 1189 268 1226 snus.
303 1173 368 1223 Hoc
381 1173 408 1224 si
423 1174 510 1224 estin
525 1174 617 1237 libris,
636 1177 760 1242 inquens
776 1172 918 1225 hominem
934 1179 970 1226 et
985 1173 1018 1225 is

116 1278 119 1282 »
200 1241 395 1310 puodtenrpus
406 1242 465 1294 esti
493 1244 601 1297 callide
610 1244 699 1306 eninr,
712 1245 764 1310 qui
774 1243 826 1294 illa
836 1244 1017 1309 composuit,

198 1311 325 1382 perfecit,
344 1318 384 1374 ut,
405 1312 596 1381 quodcumquc
607 1314 765 1375 accidisset,
781 1310 965 1379 praedictum
974 1313 1020 1365 vi·

200 1381 326 1442 deretur,
345 1380 486 1433 hominurn
497 1391 527 1435 et
540 1391 696 1450 temporum
706 1383 867 1434 delinitione
882 1380 1018 1436 sublata.

200 1447 260 1505 111.
274 1449 407 1503 Adhibuit
418 1452 503 1505 etiam
514 1453 650 1505 latebram
661 1452 854 1514 obscuritatis,
873 1457 908 1501 ut
918 1451 1018 1505 iidem

196 1537 297 1575 sersus
309 1521 381 1572 alias
395 1521 424 1572 in
439 1523 524 1574 aliurn
542 1539 601 1575 reru
615 1538 698 1588 posse
708 1518 917 1574 accommodari
931 1522 1021 1576 vide·

199 1597 305 1643 rentur.
329 1590 392 1642 Non
402 1607 463 1643 essc
474 1599 567 1645 autern
577 1591 649 1643 illud
660 1606 772 1644 cumen
781 1589 911 1652 furentis,
921 1605 1021 1658 quum

199 1661 288 1727 ipsum
300 1675 400 1727 poeula
410 1659 536 1713 declarat
551 1664 606 1724 (est
621 1661 695 1712 enini
710 1661 800 1728 magis
816 1659 887 1720 artis
903 1667 935 1712 et
947 1661 1023 1715 dili·

198 1730 321 1798 gentiae,
342 1733 425 1796 qua'm
435 1729 615 1786 incitationis
629 1736 659 1781 et
673 1732 778 1792 mohrs)
798 1735 857 1780 tuni
876 1743 955 1782 vero
971 1746 1022 1795 ea,

201 1814 270 1866 quae
280 1795 428 1864 ἀκροστιχίς
438 1797 549 1862 dicitur,
561 1813 644 1866 quum
654 1797 784 1866 deinceps
793 1797 942 1864 exprimis
952 1813 1023 1854 rer·

200 1883 281 1918 suuni
296 1865 400 1917 littoris
416 1867 522 1934 aliquid
531 1867 728 1934 connectitur,
748 1868 822 1919 utin
837 1865 1024 1933 quibusdum

198 1935 345 1987 Ennianis:
366 1934 395 1985 id
407 1943 482 1989 certe
493 1937 581 2005 magis
592 1943 635 1989 est
643 1936 851 1997 attentissimi,
870 1949 965 2002 quarn
976 1939 1024 1992 tu.

198 2004 294 2056 rantis.
316 2001 374 2055 112
386 2007 477 2071 Atque
488 2006 517 2056 in
529 2004 716 2073 Sibyllinisex
726 2007 816 2072 primo
822 2019 907 2056 versu
918 2006 1023 2061 cuius·

200 2088 253 2141 que
270 2072 426 2125 sententiae
444 2067 541 2140 primis
560 2075 662 2128 litteris
680 2075 757 2127 illius
773 2074 933 2142 sentcntiae
951 2092 1023 2131 oar·

199 2156 263 2193 mon
274 2156 354 2193 onirie
366 2144 548 2207 praetexitur.
582 2145 648 2195 Hoc
663 2144 809 2211 scriptoris
819 2148 875 2205 cst,
897 2158 963 2197 non
976 2147 1023 2200 fu·

198 2211 301 2274 rentis3
319 2208 477 2262 adhibentis
492 2211 678 2279 diligentiam,
698 2229 753 2264 uon
767 2211 866 2263 menni.
903 2213 1025 2273 Quan-

199 2281 295 2332 obrem
312 2277 577 2347 Sibyllannquideni
591 2281 743 2347 sepositam
758 2288 787 2334 ct
802 2279 952 2334 conditam
969 2282 1025 2337 ha·

197 2349 321 2409 bcanius,
333 2353 373 2410 ut,
387 2347 417 2397 id
428 2349 502 2414 quod
512 2350 656 2416 proditum
664 2355 734 2403 esta
743 2350 910 2412 maioribus,
923 2350 1026 2407 iuius-

199 2434 233 2471 su
243 2415 362 2469 Senatus
376 2431 411 2468 nc
425 2417 555 2486 legantur
571 2418 681 2486 quidem
696 2419 773 2483 libri,
791 2419 971 2486 valeantque
982 2424 1027 2476 ad

200 2486 377 2553 deponendas
388 2488 489 2552 potius,
500 2502 582 2554 quani
590 2488 627 2539 ad
636 2489 826 2555 suscipiendas
837 2487 1028 2555 religiones:

201 2571 264 2606 euru
275 2556 446 2608 antistitibus
456 2571 581 2623 aganus,
590 2562 623 2606 ut
633 2556 744 2623 quidvis
754 2557 848 2624 potius
857 2572 895 2610 ex
905 2558 975 2613 illis
988 2562 1030 2615 li·

199 2624 267 2691 bris,
281 2639 364 2696 quarn
372 2623 477 2695 Reponi
487 2623 645 2694 proterant:
663 2639 744 2696 quom
754 2627 860 2680 Rornae
869 2627 1032 2694 posthaec
