2084 3025
260 166 340 219 nra.
363 168 401 221 11.
433 169 521 224 ‘cnm
540 145 645 226 sam.
812 175 849 233 m

49 267 306 321 medicamentorum
318 273 483 324 salutarium
495 275 673 341 plenissimae
683 279 789 331 terrae:
804 292 847 332 er·

49 344 86 388 tes
95 338 214 404 denique
226 341 449 412 innumerabiles,
456 344 491 394 ad
503 345 605 395 victum
617 353 646 398 et
658 345 694 398 ed
704 348 791 398 vitam
802 365 847 401 ne·

50 408 187 457 cessariae.
226 409 284 459 lam
303 410 358 461 diei
369 413 512 480 noctisque
522 415 685 467 vicissitudo
699 423 847 476 conservet

49 475 202 536 animantes,
215 478 342 529 tribuens
354 481 430 531 alind
442 484 542 548 agendi
551 490 669 551 tempus,
685 485 760 537 aliud
772 487 847 554 quie·

48 544 142 595 scendi.
181 543 226 595 Sic
237 548 358 614 undique
370 543 443 600 enini
455 553 565 604 ratione
576 554 757 617 concluditur,
772 571 847 607 men·

49 615 75 664 te
88 613 257 681 consilioque
273 616 367 667 divino
384 622 476 672 omnia
490 619 589 675 in'hoc
603 623 706 675 mundo
721 624 757 675 ad
773 625 846 676 salu·

49 687 99 731 tem
110 683 229 733 omnium
242 689 537 758 conservationemque
548 692 749 748 admirabiliter
760 692 846 746 admi·

48 750 163 803 uistrari,
319 797 321 800 ,

96 817 152 872 133.
170 821 228 873 Hic
239 829 357 890 quaerat
368 825 512 894 quispiam,
523 830 665 883 cuiusnam
677 846 776 883 caussa
786 837 847 884 tan·

49 891 130 939 tarum
144 905 239 942 rerum
258 894 368 944 molitio
379 895 454 948 iacta
464 899 514 949 sit:
536 901 700 954 arborumne
711 906 740 952 et
749 898 847 953 herba·

49 958 119 1008 numi
140 975 210 1025 quac
223 976 389 1029 quamquam
399 966 460 1017 sine
469 984 553 1019 sensu
563 975 640 1031 sunt,
660 975 753 1021 tamen
770 985 787 1022 a
801 984 848 1022 ne·

49 1032 108 1077 tura
117 1029 296 1081 sustinentur.
333 1034 367 1083 At
383 1034 411 1085 id
428 1036 539 1101 quidem
557 1037 707 1089 absurdum
718 1043 769 1091 est.
804 1040 846 1091 An

48 1095 210 1150 bestiarum?
237 1099 334 1152 Nihilo
350 1105 540 1169 probabilius,
561 1106 636 1159 Deos
656 1114 795 1161 mutorum
817 1113 846 1160 et

48 1163 110 1215 nihil
118 1167 336 1234 intelligentium
354 1187 452 1225 caussa
464 1181 572 1227 tanturn
584 1177 735 1229 laborasse.
773 1176 847 1239 Que-

48 1247 101 1284 rum
111 1236 198 1301 igitur
206 1254 307 1289 caussa
317 1241 379 1307 quis
387 1242 487 1295 dixerit
496 1245 624 1299 ellectum
631 1243 846 1299 essemundumi

48 1301 142 1354 Eorum
163 1307 272 1358 scilicet
290 1310 485 1376 animantium,
507 1330 577 1380 quae
597 1316 706 1368 ratione
718 1318 845 1367 utuntur.

48 1369 83 1421 lli
91 1380 152 1426 sunt
162 1374 210 1425 Dii
222 1376 391 1444 ethomines,
406 1383 504 1449 quibus
515 1382 642 1449 profecto
654 1384 722 1438 nihil
736 1389 779 1437 est
790 1399 846 1436 me·

48 1437 104 1493 lius.
138 1445 223 1497 Ratio
237 1454 279 1498 cst
290 1448 370 1514 enim,
405 1467 457 1505 uae
468 1459 592 1524 praestat
602 1454 737 1504 omnibns.
758 1454 802 1504 lta
813 1452 846 1504 ot

48 1510 186 1577 credibile,
206 1517 332 1569 Deorum
350 1468 411 1572 eth

47 1583 178 1646 mundum,
190 1594 316 1654 quaeque
326 1590 353 1639 in
365 1605 398 1642 eo
410 1593 475 1654 sint,
488 1592 589 1643 omnia.
626 1591 698 1644 LlV.
709 1591 853 1642 Facilius.
888 1622 893 1633 =

47 1663 93 1716 que
102 1652 285 1722 intelligetur,
298 1673 315 1707 a
324 1657 386 1710 Diis
396 1661 603 1713 immortalibus
614 1657 770 1711 hominibus
783 1674 843 1713 esse

47 1721 193 1786 previsum,
214 1725 240 1776 si
254 1727 309 1777 erit
324 1734 383 1780 tota
397 1729 517 1782 hominis
528 1730 677 1781 fabricatio
688 1735 843 1798 perspecta,
879 1748 887 1759 ³

47 1791 181 1858 omnisque
196 1792 334 1848 humanae
350 1805 467 1852 naturae
484 1801 574 1867 ligura
594 1807 677 1867 atque
698 1797 841 1867 perfectio.

45 1850 96 1911 134.
114 1860 187 1912 Nam
198 1879 283 1930 quum
298 1867 385 1918 tribus
396 1872 478 1922 rebus
490 1871 670 1923 animantium
681 1870 739 1921 vita
748 1875 842 1920 tenea·

45 1929 89 1989 tur,
100 1930 173 1992 cibo,
185 1934 308 1998 potione,
324 1938 439 2002 spiritu:
462 1940 497 1990 ad
509 1937 577 1991 haec
588 1939 681 1992 omnia
691 1938 841 2006 percipien·
864 1947 867 1952 '

45 1993 74 2047 da
83 2013 113 2049 os
125 2006 167 2051 est
180 2001 368 2068 aptissimum:
384 2007 458 2073 qued
470 2009 608 2060 adiunctis
618 2011 730 2061 naribus
741 2008 842 2075 spiritu

44 2074 161 2132 angetur.
198 2071 337 2123 Dentibus
356 2082 448 2127 autem
460 2078 487 2128 in
500 2092 548 2131 ore
559 2078 724 2130 constructis
735 2076 841 2129 mandi·

44 2138 89 2198 tur,
100 2145 185 2206 atque
196 2141 234 2191 ab
243 2138 286 2191 his
296 2150 463 2197 extenuatur
473 2154 501 2199 et
510 2148 623 2201 molitur
634 2149 720 2200 cibus.
735 2148 841 2199 Eorum

43 2204 245 2264 adversiacuti
263 2225 357 2264 morsu
379 2215 506 2267 dividunt
526 2233 616 2280 escas,
636 2217 727 2268 intimi
748 2222 841 2269 autem

43 2276 193 2339 oenficiunt,
200 2279 245 2345 qui
253 2282 362 2345 genuini
373 2292 518 2336 vocantur:
531 2301 600 2341 uuae
607 2285 746 2340 conlectio
756 2286 841 2337 etium

42 2342 159 2413 elingua
169 2346 300 2399 adim-ari
315 2351 432 2406 ridetur.
469 2352 527 2408 135.
545 2355 684 2424 Linguam
700 2363 794 2406 autem
805 2350 841 2405 ad

43 2412 142 2467 radices
152 2416 214 2467 eius
224 2415 342 2471 haerens
355 2424 457 2490 excipit
466 2423 639 2476 stomachus:
657 2440 710 2492 que
722 2423 839 2490 prinum

44 2476 193 2537 illabuntur
212 2501 260 2549 ca,
281 2504 352 2554 quae
373 2500 488 2560 accepta
502 2500 580 2546 sunt:
602 2495 660 2545 oris
671 2498 790 2556 utraque
806 2504 864 2569 ᾳ,

44 2558 113 2613 barte
123 2554 255 2606 tonsillas
266 2559 418 2626 attingens,
435 2563 532 2629 palato
544 2570 669 2615 extreme
681 2565 763 2624 utque
776 2559 840 2637 intr·

45 2631 80 2671 no
91 2624 268 2678 terminatur.
303 2630 393 2696 Atque
404 2632 436 2694 is,
451 2632 606 2697 agitatione
617 2637 645 2683 et
656 2627 778 2680 motibus
788 2627 840 2695 lm·

41 2700 106 2754 luae
118 2709 203 2762 quum
218 2694 364 2763 depulsum
379 2707 407 2752 ot
418 2701 497 2768 quasi
507 2701 650 2818 detrumpn
661 2694 752 2750 cibum
764 2708 840 2746 acce·
863 2728 868 2731 -

588 2857 617 2908 ι’

414 1523 537 1574 ominum
554 1539 653 1575 caussa
669 1524 773 1574 factum
785 1536 845 1575 esse
937 1550 945 1567 ·
