<?xml version="1.0" encoding="UTF-8"?>
<!DOCTYPE html PUBLIC "-//W3C//DTD XHTML 1.0 Transitional//EN"
    "http://www.w3.org/TR/xhtml1/DTD/xhtml1-transitional.dtd">
<html xmlns="http://www.w3.org/1999/xhtml" xml:lang="en" lang="en">
 <head>
  <title>
</title>
<meta http-equiv="Content-Type" content="text/html;charset=utf-8" />
  <meta name='ocr-system' content='tesseract 3.04.00' />
  <meta name='ocr-capabilities' content='ocr_page ocr_carea ocr_par ocr_line ocrx_word'/>
</head>
<body>
  <div class='ocr_page' id='page_1' title='image "./opera00nobbgoog_0240.png"; bbox 0 0 2084 3025; ppageno 0'>
   <div class='ocr_carea' id='block_1_1' title="bbox 176 65 846 170">
    <p class='ocr_par' dir='ltr' id='par_1_1' title="bbox 176 65 846 170">
     <span class='ocr_line' id='line_1_1' title="bbox 176 65 846 170; baseline -0.009 -14"><span class='ocrx_word' id='word_1_1' title='bbox 176 99 228 157; x_wconf 75' lang='lat'>152</span> <span class='ocrx_word' id='word_1_2' title='bbox 397 97 456 152; x_wconf 83' lang='lat' dir='ltr'>nn</span> <span class='ocrx_word' id='word_1_3' title='bbox 473 90 763 170; x_wconf 27' lang='lat' dir='ltr'>urrinnai-ona</span> <span class='ocrx_word' id='word_1_4' title='bbox 834 65 846 83; x_wconf 55' lang='lat'><strong>²</strong></span> 
     </span>
    </p>
   </div>
   <div class='ocr_carea' id='block_1_2' title="bbox 108 176 1034 1386">
    <p class='ocr_par' dir='ltr' id='par_1_2' title="bbox 108 176 1016 272">
     <span class='ocr_line' id='line_1_2' title="bbox 108 176 1016 272; baseline -0.003 -15"><span class='ocrx_word' id='word_1_5' title='bbox 108 176 111 199; x_wconf 47' lang='grc' dir='ltr'>Ι</span> <span class='ocrx_word' id='word_1_6' title='bbox 175 205 268 272; x_wconf 76' lang='lat' dir='ltr'>Reges</span> <span class='ocrx_word' id='word_1_7' title='bbox 278 203 334 256; x_wconf 85' lang='lat' dir='ltr'>nsi:</span> <span class='ocrx_word' id='word_1_8' title='bbox 350 209 391 267; x_wconf 87' lang='lat' dir='ltr'>et,</span> <span class='ocrx_word' id='word_1_9' title='bbox 399 203 506 257; x_wconf 76' lang='lat' dir='ltr'><strong>exactis</strong></span> <span class='ocrx_word' id='word_1_10' title='bbox 517 203 649 270; x_wconf 79' lang='lat' dir='ltr'>Regihru,</span> <span class='ocrx_word' id='word_1_11' title='bbox 662 201 734 254; x_wconf 78' lang='lat' dir='ltr'>nihil</span> <span class='ocrx_word' id='word_1_12' title='bbox 743 202 858 269; x_wconf 80' lang='lat' dir='ltr'>publice</span> <span class='ocrx_word' id='word_1_13' title='bbox 865 202 922 255; x_wconf 82' lang='lat' dir='ltr'>sins</span> <span class='ocrx_word' id='word_1_14' title='bbox 933 217 982 260; x_wconf 74' lang='lat' dir='ltr'>aa·</span> <span class='ocrx_word' id='word_1_15' title='bbox 1014 209 1016 213; x_wconf 81' lang='grc'>’</span> 
     </span>
    </p>

    <p class='ocr_par' dir='ltr' id='par_1_3' title="bbox 132 272 1034 1386">
     <span class='ocr_line' id='line_1_3' title="bbox 175 272 1025 343; baseline -0.005 -16"><span class='ocrx_word' id='word_1_16' title='bbox 175 275 281 343; x_wconf 87' lang='lat' dir='ltr'>spiclis,</span> <span class='ocrx_word' id='word_1_17' title='bbox 292 289 344 325; x_wconf 90' lang='lat' dir='ltr'>nec</span> <span class='ocrx_word' id='word_1_18' title='bbox 354 274 430 325; x_wconf 90' lang='lat' dir='ltr'>domi</span> <span class='ocrx_word' id='word_1_19' title='bbox 439 288 491 327; x_wconf 90' lang='lat' dir='ltr'>nec</span> <span class='ocrx_word' id='word_1_20' title='bbox 501 273 633 335; x_wconf 82' lang='lat' dir='ltr'>militiae,</span> <span class='ocrx_word' id='word_1_21' title='bbox 642 274 801 340; x_wconf 76' lang='lat' dir='ltr'>gerebatur.</span> <span class='ocrx_word' id='word_1_22' title='bbox 837 272 982 339; x_wconf 70' lang='lat' dir='ltr'>Quumque</span> <span class='ocrx_word' id='word_1_23' title='bbox 1021 282 1025 293; x_wconf 85' lang='lat'><strong>¹</strong></span> 
     </span>
     <span class='ocr_line' id='line_1_4' title="bbox 173 341 1034 412; baseline -0.005 -15"><span class='ocrx_word' id='word_1_24' title='bbox 173 359 281 412; x_wconf 82' lang='lat' dir='ltr'>magna</span> <span class='ocrx_word' id='word_1_25' title='bbox 290 343 333 394; x_wconf 79' lang='lat' dir='ltr'>ris</span> <span class='ocrx_word' id='word_1_26' title='bbox 343 343 485 396; x_wconf 83' lang='lat' dir='ltr'>videretur</span> <span class='ocrx_word' id='word_1_27' title='bbox 496 359 557 396; x_wconf 86' lang='lat' dir='ltr'>csse</span> <span class='ocrx_word' id='word_1_28' title='bbox 572 343 637 394; x_wconf 89' lang='lat' dir='ltr'>etin</span> <span class='ocrx_word' id='word_1_29' title='bbox 648 343 831 409; x_wconf 80' lang='lat' dir='ltr'><strong>impetrandis</strong></span> <span class='ocrx_word' id='word_1_30' title='bbox 841 341 984 394; x_wconf 82' lang='lat' dir='ltr'>consulen-</span> <span class='ocrx_word' id='word_1_31' title='bbox 1032 390 1034 405; x_wconf 19' lang='grc' dir='ltr'>ἶ</span> 
     </span>
     <span class='ocr_line' id='line_1_5' title="bbox 180 412 1034 480; baseline -0.004 -14"><span class='ocrx_word' id='word_1_32' title='bbox 180 414 275 480; x_wconf 89' lang='lat' dir='ltr'>disque</span> <span class='ocrx_word' id='word_1_33' title='bbox 285 414 379 476; x_wconf 86' lang='lat' dir='ltr'>rebus,</span> <span class='ocrx_word' id='word_1_34' title='bbox 395 412 606 466; x_wconf 89' lang='lat' dir='ltr'>etinmonstris</span> <span class='ocrx_word' id='word_1_35' title='bbox 616 413 833 479; x_wconf 72' lang='lat' dir='ltr'>interpretandis</span> <span class='ocrx_word' id='word_1_36' title='bbox 844 426 984 478; x_wconf 82' lang='lat' dir='ltr'>acprocu·</span> <span class='ocrx_word' id='word_1_37' title='bbox 1033 412 1034 417; x_wconf 75' lang='grc'>’</span> 
     </span>
     <span class='ocr_line' id='line_1_6' title="bbox 178 480 986 549; baseline -0.005 -13"><span class='ocrx_word' id='word_1_38' title='bbox 178 483 275 536; x_wconf 89' lang='lat' dir='ltr'>randis</span> <span class='ocrx_word' id='word_1_39' title='bbox 295 483 326 534; x_wconf 90' lang='lat' dir='ltr'>in</span> <span class='ocrx_word' id='word_1_40' title='bbox 346 480 524 547; x_wconf 76' lang='lat' dir='ltr'>haruspicum</span> <span class='ocrx_word' id='word_1_41' title='bbox 544 482 707 549; x_wconf 78' lang='lat' dir='ltr'>disciplina3</span> <span class='ocrx_word' id='word_1_42' title='bbox 728 497 838 535; x_wconf 64' lang='lat' dir='ltr'>omum</span> <span class='ocrx_word' id='word_1_43' title='bbox 857 480 927 533; x_wconf 80' lang='lat' dir='ltr'>htnc</span> <span class='ocrx_word' id='word_1_44' title='bbox 948 494 986 532; x_wconf 83' lang='lat' dir='ltr'>ex</span> 
     </span>
     <span class='ocr_line' id='line_1_7' title="bbox 175 549 988 619; baseline -0.007 -14"><span class='ocrx_word' id='word_1_45' title='bbox 175 550 296 616; x_wconf 46' lang='lat' dir='ltr'>„Etruria</span> <span class='ocrx_word' id='word_1_46' title='bbox 306 552 453 603; x_wconf 86' lang='lat' dir='ltr'>scientiam</span> <span class='ocrx_word' id='word_1_47' title='bbox 464 549 651 614; x_wconf 75' lang='lat' dir='ltr'>adhibebant,</span> <span class='ocrx_word' id='word_1_48' title='bbox 668 566 703 603; x_wconf 83' lang='lat' dir='ltr'>ne</span> <span class='ocrx_word' id='word_1_49' title='bbox 713 567 804 619; x_wconf 81' lang='lat' dir='ltr'>genus</span> <span class='ocrx_word' id='word_1_50' title='bbox 811 565 883 605; x_wconf 79' lang='lat' dir='ltr'>esset</span> <span class='ocrx_word' id='word_1_51' title='bbox 892 549 988 600; x_wconf 82' lang='lat' dir='ltr'>ullum</span> 
     </span>
     <span class='ocr_line' id='line_1_8' title="bbox 180 620 989 689; baseline -0.002 -16"><span class='ocrx_word' id='word_1_52' title='bbox 180 622 371 684; x_wconf 75' lang='lat' dir='ltr'>divinationis,</span> <span class='ocrx_word' id='word_1_53' title='bbox 384 620 459 689; x_wconf 90' lang='lat' dir='ltr'>quod</span> <span class='ocrx_word' id='word_1_54' title='bbox 467 621 626 689; x_wconf 78' lang='lat' dir='ltr'>neglectum</span> <span class='ocrx_word' id='word_1_55' title='bbox 635 622 670 673; x_wconf 84' lang='lat' dir='ltr'>ah</span> <span class='ocrx_word' id='word_1_56' title='bbox 680 621 717 672; x_wconf 91' lang='lat' dir='ltr'>iis</span> <span class='ocrx_word' id='word_1_57' title='bbox 727 621 878 673; x_wconf 85' lang='lat' dir='ltr'>videretur.</span> <span class='ocrx_word' id='word_1_58' title='bbox 897 620 929 671; x_wconf 82' lang='grc'>4.</span> <span class='ocrx_word' id='word_1_59' title='bbox 936 620 989 682; x_wconf 83' lang='lat' dir='ltr'>Et,</span> 
     </span>
     <span class='ocr_line' id='line_1_9' title="bbox 173 686 989 761; baseline -0.002 -18"><span class='ocrx_word' id='word_1_60' title='bbox 173 686 264 761; x_wconf 70' lang='lat' dir='ltr'>¹quum&#39;</span> <span class='ocrx_word' id='word_1_61' title='bbox 275 689 387 742; x_wconf 81' lang='lat' dir='ltr'>duobus</span> <span class='ocrx_word' id='word_1_62' title='bbox 400 689 491 742; x_wconf 89' lang='lat' dir='ltr'>modis</span> <span class='ocrx_word' id='word_1_63' title='bbox 501 690 604 753; x_wconf 85' lang='lat' dir='ltr'>animi,</span> <span class='ocrx_word' id='word_1_64' title='bbox 621 691 682 742; x_wconf 87' lang='lat' dir='ltr'>sine</span> <span class='ocrx_word' id='word_1_65' title='bbox 697 691 806 742; x_wconf 83' lang='lat' dir='ltr'>ratione</span> <span class='ocrx_word' id='word_1_66' title='bbox 820 696 849 742; x_wconf 87' lang='lat' dir='ltr'>et</span> <span class='ocrx_word' id='word_1_67' title='bbox 858 688 989 750; x_wconf 65' lang='lat' dir='ltr'>suffitia,</span> 
     </span>
     <span class='ocr_line' id='line_1_10' title="bbox 181 757 989 826; baseline -0.006 -13"><span class='ocrx_word' id='word_1_68' title='bbox 181 766 261 813; x_wconf 89' lang='lat' dir='ltr'>motu</span> <span class='ocrx_word' id='word_1_69' title='bbox 271 761 329 826; x_wconf 84' lang='lat' dir='ltr'>ipsi</span> <span class='ocrx_word' id='word_1_70' title='bbox 339 776 402 824; x_wconf 88' lang='lat' dir='ltr'>suo,</span> <span class='ocrx_word' id='word_1_71' title='bbox 417 759 511 811; x_wconf 84' lang='lat' dir='ltr'>soluto</span> <span class='ocrx_word' id='word_1_72' title='bbox 521 764 551 811; x_wconf 92' lang='lat' dir='ltr'>et</span> <span class='ocrx_word' id='word_1_73' title='bbox 561 760 652 811; x_wconf 86' lang='lat' dir='ltr'>libero</span> <span class='ocrx_word' id='word_1_74' title='bbox 662 759 859 821; x_wconf 84' lang='lat' dir='ltr'>incitarentnr3</span> <span class='ocrx_word' id='word_1_75' title='bbox 876 772 933 808; x_wconf 83' lang='lat' dir='ltr'>nno</span> <span class='ocrx_word' id='word_1_76' title='bbox 943 757 989 808; x_wconf 84' lang='lat' dir='ltr'>fu·</span> 
     </span>
     <span class='ocr_line' id='line_1_11' title="bbox 179 825 990 894; baseline -0.005 -13"><span class='ocrx_word' id='word_1_77' title='bbox 179 836 269 892; x_wconf 88' lang='lat' dir='ltr'>rente,</span> <span class='ocrx_word' id='word_1_78' title='bbox 280 830 370 882; x_wconf 86' lang='lat' dir='ltr'>altero</span> <span class='ocrx_word' id='word_1_79' title='bbox 382 829 554 881; x_wconf 77' lang='lat' dir='ltr'>somniante:</span> <span class='ocrx_word' id='word_1_80' title='bbox 566 828 675 881; x_wconf 72' lang='lat' dir='ltr'>furoris.</span> <span class='ocrx_word' id='word_1_81' title='bbox 683 828 880 880; x_wconf 75' lang='lat' dir='ltr'>divinafionen</span> <span class='ocrx_word' id='word_1_82' title='bbox 892 825 990 894; x_wconf 82' lang='lat' dir='ltr'>Sibyl·</span> 
     </span>
     <span class='ocr_line' id='line_1_12' title="bbox 132 897 990 962; baseline -0.003 -10"><span class='ocrx_word' id='word_1_83' title='bbox 132 900 137 905; x_wconf 83' lang='grc'><strong>’</strong></span> <span class='ocrx_word' id='word_1_84' title='bbox 180 899 380 952; x_wconf 81' lang='lat' dir='ltr'>linistnaxime</span> <span class='ocrx_word' id='word_1_85' title='bbox 391 899 517 951; x_wconf 78' lang='lat' dir='ltr'>versibus</span> <span class='ocrx_word' id='word_1_86' title='bbox 530 898 669 950; x_wconf 78' lang='lat' dir='ltr'>contineri</span> <span class='ocrx_word' id='word_1_87' title='bbox 678 898 819 962; x_wconf 82' lang='lat' dir='ltr'>arbitrati,</span> <span class='ocrx_word' id='word_1_88' title='bbox 831 912 926 950; x_wconf 84' lang='lat' dir='ltr'>earum</span> <span class='ocrx_word' id='word_1_89' title='bbox 939 897 990 949; x_wconf 86' lang='lat' dir='ltr'>de·</span> 
     </span>
     <span class='ocr_line' id='line_1_13' title="bbox 181 966 988 1036; baseline -0.007 -14"><span class='ocrx_word' id='word_1_90' title='bbox 181 984 243 1024; x_wconf 87' lang='lat' dir='ltr'>cem</span> <span class='ocrx_word' id='word_1_91' title='bbox 262 971 434 1036; x_wconf 79' lang='lat' dir='ltr'>interpretes</span> <span class='ocrx_word' id='word_1_92' title='bbox 447 967 572 1020; x_wconf 85' lang='lat' dir='ltr'>delectos</span> <span class='ocrx_word' id='word_1_93' title='bbox 588 984 606 1020; x_wconf 89' lang='lat' dir='ltr'>e</span> <span class='ocrx_word' id='word_1_94' title='bbox 618 969 733 1020; x_wconf 75' lang='lat' dir='ltr'>civitate</span> <span class='ocrx_word' id='word_1_95' title='bbox 752 983 813 1019; x_wconf 89' lang='lat' dir='ltr'>esse</span> <span class='ocrx_word' id='word_1_96' title='bbox 827 966 988 1029; x_wconf 71' lang='lat' dir='ltr'>noluerunt.</span> 
     </span>
     <span class='ocr_line' id='line_1_14' title="bbox 180 1034 990 1107; baseline -0.002 -16"><span class='ocrx_word' id='word_1_97' title='bbox 180 1040 291 1107; x_wconf 80' lang='lat' dir='ltr'>Exquo</span> <span class='ocrx_word' id='word_1_98' title='bbox 302 1053 404 1107; x_wconf 85' lang='lat' dir='ltr'>genere</span> <span class='ocrx_word' id='word_1_99' title='bbox 418 1052 504 1103; x_wconf 82' lang='lat' dir='ltr'>saepe</span> <span class='ocrx_word' id='word_1_100' title='bbox 514 1036 686 1090; x_wconf 81' lang='lat' dir='ltr'>hariolorum</span> <span class='ocrx_word' id='word_1_101' title='bbox 702 1038 788 1090; x_wconf 87' lang='lat' dir='ltr'>etiam</span> <span class='ocrx_word' id='word_1_102' title='bbox 799 1043 827 1089; x_wconf 86' lang='lat' dir='ltr'>et</span> <span class='ocrx_word' id='word_1_103' title='bbox 837 1042 934 1088; x_wconf 83' lang='lat' dir='ltr'>vatum</span> <span class='ocrx_word' id='word_1_104' title='bbox 944 1034 990 1089; x_wconf 82' lang='lat' dir='ltr'>lu·</span> 
     </span>
     <span class='ocr_line' id='line_1_15' title="bbox 177 1104 991 1177; baseline -0.006 -16"><span class='ocrx_word' id='word_1_105' title='bbox 177 1109 312 1162; x_wconf 87' lang='lat' dir='ltr'>rihundas</span> <span class='ocrx_word' id='word_1_106' title='bbox 327 1107 546 1177; x_wconf 81' lang='lat' dir='ltr'>praedictiones,</span> <span class='ocrx_word' id='word_1_107' title='bbox 564 1114 597 1159; x_wconf 90' lang='lat' dir='ltr'>ut</span> <span class='ocrx_word' id='word_1_108' title='bbox 606 1107 764 1161; x_wconf 63' lang='lat' dir='ltr'>Octaviano</span> <span class='ocrx_word' id='word_1_109' title='bbox 773 1107 849 1159; x_wconf 79' lang='lat' dir='ltr'>bello</span> <span class='ocrx_word' id='word_1_110' title='bbox 860 1104 991 1158; x_wconf 87' lang='lat' dir='ltr'>Cornelii</span> 
     </span>
     <span class='ocr_line' id='line_1_16' title="bbox 180 1175 991 1244; baseline -0.004 -14"><span class='ocrx_word' id='word_1_111' title='bbox 180 1178 317 1241; x_wconf 82' lang='lat' dir='ltr'>Culleoli,</span> <span class='ocrx_word' id='word_1_112' title='bbox 338 1176 491 1229; x_wconf 82' lang='lat' dir='ltr'>audiendus</span> <span class='ocrx_word' id='word_1_113' title='bbox 507 1182 680 1244; x_wconf 82' lang='lat' dir='ltr'>putaverunt.</span> <span class='ocrx_word' id='word_1_114' title='bbox 717 1177 777 1230; x_wconf 90' lang='lat' dir='ltr'>Nec</span> <span class='ocrx_word' id='word_1_115' title='bbox 795 1191 861 1237; x_wconf 69' lang='lat' dir='ltr'>neco</span> <span class='ocrx_word' id='word_1_116' title='bbox 875 1175 991 1227; x_wconf 77' lang='lat' dir='ltr'>sarrinia</span> 
     </span>
     <span class='ocr_line' id='line_1_17' title="bbox 180 1246 990 1315; baseline -0.005 -16"><span class='ocrx_word' id='word_1_117' title='bbox 180 1246 354 1315; x_wconf 56' lang='lat' dir='ltr'>gravinensi</span> <span class='ocrx_word' id='word_1_118' title='bbox 363 1262 434 1314; x_wconf 88' lang='lat' dir='ltr'>quae</span> <span class='ocrx_word' id='word_1_119' title='bbox 445 1246 482 1298; x_wconf 88' lang='lat' dir='ltr'>ad</span> <span class='ocrx_word' id='word_1_120' title='bbox 492 1247 689 1314; x_wconf 70' lang='lat' dir='ltr'>rempublicam</span> <span class='ocrx_word' id='word_1_121' title='bbox 700 1247 840 1314; x_wconf 85' lang='lat' dir='ltr'>pertinere</span> <span class='ocrx_word' id='word_1_122' title='bbox 845 1246 907 1298; x_wconf 80' lang='lat' dir='ltr'>risa</span> <span class='ocrx_word' id='word_1_123' title='bbox 912 1250 990 1309; x_wconf 89' lang='lat' dir='ltr'>sunt,</span> 
     </span>
     <span class='ocr_line' id='line_1_18' title="bbox 176 1316 991 1386; baseline -0.004 -17"><span class='ocrx_word' id='word_1_124' title='bbox 176 1334 199 1375; x_wconf 21' lang='lat' dir='ltr'>*a</span> <span class='ocrx_word' id='word_1_125' title='bbox 207 1332 315 1369; x_wconf 87' lang='lat' dir='ltr'>summo</span> <span class='ocrx_word' id='word_1_126' title='bbox 326 1316 444 1368; x_wconf 85' lang='lat' dir='ltr'>consilio</span> <span class='ocrx_word' id='word_1_127' title='bbox 455 1316 587 1386; x_wconf 81' lang='lat' dir='ltr'>neglecta</span> <span class='ocrx_word' id='word_1_128' title='bbox 594 1323 667 1369; x_wconf 80' lang='lat' dir='ltr'>sunt.</span> <span class='ocrx_word' id='word_1_129' title='bbox 704 1317 779 1379; x_wconf 71' lang='lat' dir='ltr'>Quin</span> <span class='ocrx_word' id='word_1_130' title='bbox 786 1317 872 1369; x_wconf 88' lang='lat' dir='ltr'>etiam</span> <span class='ocrx_word' id='word_1_131' title='bbox 883 1330 991 1368; x_wconf 67' lang='lat' dir='ltr'>metum</span> 
     </span>
    </p>
   </div>
   <div class='ocr_carea' id='block_1_3' title="bbox 88 1384 991 1455">
    <p class='ocr_par' dir='ltr' id='par_1_4' title="bbox 88 1384 991 1455">
     <span class='ocr_line' id='line_1_19' title="bbox 88 1384 991 1455; baseline -0.006 -14"><span class='ocrx_word' id='word_1_132' title='bbox 88 1398 94 1407; x_wconf 71' lang='lat'><em>¹</em></span> <span class='ocrx_word' id='word_1_133' title='bbox 179 1387 223 1441; x_wconf 82' lang='lat' dir='ltr'>rio</span> <span class='ocrx_word' id='word_1_134' title='bbox 237 1394 334 1438; x_wconf 89' lang='lat' dir='ltr'>nostra</span> <span class='ocrx_word' id='word_1_135' title='bbox 348 1387 481 1454; x_wconf 89' lang='lat' dir='ltr'>templum</span> <span class='ocrx_word' id='word_1_136' title='bbox 501 1387 614 1438; x_wconf 84' lang='lat' dir='ltr'>lunonis</span> <span class='ocrx_word' id='word_1_137' title='bbox 625 1386 755 1455; x_wconf 80' lang='lat' dir='ltr'>Sospitae</span> <span class='ocrx_word' id='word_1_138' title='bbox 765 1386 798 1438; x_wconf 83' lang='lat' dir='ltr'>L.</span> <span class='ocrx_word' id='word_1_139' title='bbox 813 1386 918 1448; x_wconf 81' lang='lat' dir='ltr'>lulius,</span> <span class='ocrx_word' id='word_1_140' title='bbox 937 1384 991 1452; x_wconf 88' lang='lat' dir='ltr'>qui</span> 
     </span>
    </p>
   </div>
   <div class='ocr_carea' id='block_1_4' title="bbox 177 1455 991 1667">
    <p class='ocr_par' dir='ltr' id='par_1_5' title="bbox 177 1455 991 1667">
     <span class='ocr_line' id='line_1_20' title="bbox 182 1455 991 1520; baseline -0.001 -12"><span class='ocrx_word' id='word_1_141' title='bbox 182 1472 245 1508; x_wconf 90' lang='lat' dir='ltr'>cum</span> <span class='ocrx_word' id='word_1_142' title='bbox 255 1456 286 1509; x_wconf 89' lang='lat' dir='ltr'>P.</span> <span class='ocrx_word' id='word_1_143' title='bbox 296 1457 404 1509; x_wconf 89' lang='lat' dir='ltr'>Rutilio</span> <span class='ocrx_word' id='word_1_144' title='bbox 416 1457 520 1509; x_wconf 85' lang='lat' dir='ltr'>Consul</span> <span class='ocrx_word' id='word_1_145' title='bbox 532 1456 600 1520; x_wconf 83' lang='lat' dir='ltr'>fuit,</span> <span class='ocrx_word' id='word_1_146' title='bbox 620 1458 655 1510; x_wconf 89' lang='lat' dir='ltr'>de</span> <span class='ocrx_word' id='word_1_147' title='bbox 665 1456 784 1510; x_wconf 86' lang='lat' dir='ltr'>Senatus</span> <span class='ocrx_word' id='word_1_148' title='bbox 794 1455 935 1509; x_wconf 85' lang='lat' dir='ltr'>sententia</span> <span class='ocrx_word' id='word_1_149' title='bbox 944 1468 991 1507; x_wconf 86' lang='lat' dir='ltr'>re·</span> 
     </span>
     <span class='ocr_line' id='line_1_21' title="bbox 177 1523 990 1591; baseline -0.002 -11"><span class='ocrx_word' id='word_1_150' title='bbox 177 1524 295 1590; x_wconf 61' lang='lat' dir='ltr'>‚feriter</span> <span class='ocrx_word' id='word_1_151' title='bbox 305 1528 455 1591; x_wconf 76' lang='lat' dir='ltr'>Caeciliae,</span> <span class='ocrx_word' id='word_1_152' title='bbox 477 1528 619 1580; x_wconf 87' lang='lat' dir='ltr'>Balearici</span> <span class='ocrx_word' id='word_1_153' title='bbox 628 1529 718 1591; x_wconf 81' lang='lat' dir='ltr'>tiliae,</span> <span class='ocrx_word' id='word_1_154' title='bbox 737 1528 856 1581; x_wconf 90' lang='lat' dir='ltr'>somnio.</span> <span class='ocrx_word' id='word_1_155' title='bbox 892 1525 943 1578; x_wconf 89' lang='lat' dir='ltr'>lll.</span> <span class='ocrx_word' id='word_1_156' title='bbox 959 1523 990 1578; x_wconf 81' lang='grc'>5.</span> 
     </span>
     <span class='ocr_line' id='line_1_22' title="bbox 178 1595 991 1667; baseline -0.002 -18"><span class='ocrx_word' id='word_1_157' title='bbox 178 1599 269 1666; x_wconf 73' lang='lat' dir='ltr'>Atque</span> <span class='ocrx_word' id='word_1_158' title='bbox 280 1597 363 1662; x_wconf 91' lang='lat' dir='ltr'>haec,</span> <span class='ocrx_word' id='word_1_159' title='bbox 381 1599 415 1651; x_wconf 73' lang='lat' dir='ltr'>‘ut</span> <span class='ocrx_word' id='word_1_160' title='bbox 427 1613 479 1667; x_wconf 81' lang='lat' dir='ltr'>ego</span> <span class='ocrx_word' id='word_1_161' title='bbox 490 1599 627 1661; x_wconf 86' lang='lat' dir='ltr'>arbitror,</span> <span class='ocrx_word' id='word_1_162' title='bbox 647 1605 770 1661; x_wconf 84' lang='lat' dir='ltr'>veteres,</span> <span class='ocrx_word' id='word_1_163' title='bbox 791 1611 884 1649; x_wconf 87' lang='lat' dir='ltr'>rerum</span> <span class='ocrx_word' id='word_1_164' title='bbox 893 1595 991 1663; x_wconf 83' lang='lat' dir='ltr'>magis</span> 
     </span>
    </p>
   </div>
   <div class='ocr_carea' id='block_1_5' title="bbox 86 1666 1013 1736">
    <p class='ocr_par' dir='ltr' id='par_1_6' title="bbox 86 1666 1013 1736">
     <span class='ocr_line' id='line_1_23' title="bbox 86 1666 1013 1736; baseline -0.001 -18"><span class='ocrx_word' id='word_1_165' title='bbox 86 1667 90 1671; x_wconf 81' lang='grc'><em>’</em></span> <span class='ocrx_word' id='word_1_166' title='bbox 180 1669 288 1719; x_wconf 81' lang='lat' dir='ltr'>eventis</span> <span class='ocrx_word' id='word_1_167' title='bbox 310 1669 424 1731; x_wconf 86' lang='lat' dir='ltr'>moniti,</span> <span class='ocrx_word' id='word_1_168' title='bbox 444 1684 528 1735; x_wconf 87' lang='lat' dir='ltr'>quam</span> <span class='ocrx_word' id='word_1_169' title='bbox 546 1669 657 1720; x_wconf 90' lang='lat' dir='ltr'>ratione</span> <span class='ocrx_word' id='word_1_170' title='bbox 678 1667 768 1729; x_wconf 88' lang='lat' dir='ltr'>docti,</span> <span class='ocrx_word' id='word_1_171' title='bbox 787 1666 1013 1736; x_wconf 32' lang='lat' dir='ltr'>probarenmc‘</span> 
     </span>
    </p>
   </div>
   <div class='ocr_carea' id='block_1_6' title="bbox 177 1734 994 2502">
    <p class='ocr_par' dir='ltr' id='par_1_7' title="bbox 177 1734 994 2502">
     <span class='ocr_line' id='line_1_24' title="bbox 177 1734 992 1806; baseline 0.004 -19"><span class='ocrx_word' id='word_1_172' title='bbox 177 1734 412 1803; x_wconf 85' lang='lat' dir='ltr'>Philosophorum</span> <span class='ocrx_word' id='word_1_173' title='bbox 422 1752 488 1790; x_wconf 80' lang='lat' dir='ltr'>vero</span> <span class='ocrx_word' id='word_1_174' title='bbox 504 1737 647 1806; x_wconf 84' lang='lat' dir='ltr'>exquisita</span> <span class='ocrx_word' id='word_1_175' title='bbox 661 1736 799 1804; x_wconf 76' lang='lat' dir='ltr'>quaedam</span> <span class='ocrx_word' id='word_1_176' title='bbox 810 1742 992 1802; x_wconf 60' lang='lat' dir='ltr'>argumente,</span> 
     </span>
     <span class='ocr_line' id='line_1_25' title="bbox 179 1805 992 1872; baseline -0.004 -14"><span class='ocrx_word' id='word_1_177' title='bbox 179 1821 229 1858; x_wconf 89' lang='lat' dir='ltr'>cur</span> <span class='ocrx_word' id='word_1_178' title='bbox 245 1812 319 1858; x_wconf 88' lang='lat' dir='ltr'>esset</span> <span class='ocrx_word' id='word_1_179' title='bbox 332 1821 398 1857; x_wconf 78' lang='lat' dir='ltr'>vcra</span> <span class='ocrx_word' id='word_1_180' title='bbox 415 1805 570 1870; x_wconf 87' lang='lat' dir='ltr'>divinatio,</span> <span class='ocrx_word' id='word_1_181' title='bbox 588 1808 709 1860; x_wconf 86' lang='lat' dir='ltr'>collecta</span> <span class='ocrx_word' id='word_1_182' title='bbox 722 1812 795 1859; x_wconf 80' lang='lat' dir='ltr'>sunt</span> <span class='ocrx_word' id='word_1_183' title='bbox 832 1806 857 1859; x_wconf 86' lang='lat' dir='ltr'>E</span> <span class='ocrx_word' id='word_1_184' title='bbox 875 1805 992 1872; x_wconf 81' lang='lat' dir='ltr'>quihus.</span> 
     </span>
     <span class='ocr_line' id='line_1_26' title="bbox 178 1872 992 1943; baseline 0.001 -18"><span class='ocrx_word' id='word_1_185' title='bbox 178 1881 211 1925; x_wconf 86' lang='lat' dir='ltr'>ut</span> <span class='ocrx_word' id='word_1_186' title='bbox 227 1874 261 1927; x_wconf 84' lang='lat' dir='ltr'>de</span> <span class='ocrx_word' id='word_1_187' title='bbox 282 1873 484 1943; x_wconf 81' lang='lat' dir='ltr'>antiquissimis</span> <span class='ocrx_word' id='word_1_188' title='bbox 499 1876 614 1942; x_wconf 85' lang='lat' dir='ltr'>loquar,</span> <span class='ocrx_word' id='word_1_189' title='bbox 635 1874 824 1943; x_wconf 81' lang='lat' dir='ltr'>Colophonius</span> <span class='ocrx_word' id='word_1_190' title='bbox 838 1872 992 1941; x_wconf 77' lang='lat' dir='ltr'>Xenopha-</span> 
     </span>
     <span class='ocr_line' id='line_1_27' title="bbox 177 1942 992 2012; baseline 0 -17"><span class='ocrx_word' id='word_1_191' title='bbox 177 1959 239 2006; x_wconf 89' lang='lat' dir='ltr'>nes,</span> <span class='ocrx_word' id='word_1_192' title='bbox 247 1944 390 2012; x_wconf 69' lang='lat' dir='ltr'>unuaqui</span> <span class='ocrx_word' id='word_1_193' title='bbox 398 1942 474 1995; x_wconf 86' lang='lat' dir='ltr'>Deos</span> <span class='ocrx_word' id='word_1_194' title='bbox 484 1960 545 1997; x_wconf 87' lang='lat' dir='ltr'>esse</span> <span class='ocrx_word' id='word_1_195' title='bbox 557 1944 672 2007; x_wconf 88' lang='lat' dir='ltr'>diceret,</span> <span class='ocrx_word' id='word_1_196' title='bbox 688 1946 887 1996; x_wconf 77' lang='lat' dir='ltr'>divinationem</span> <span class='ocrx_word' id='word_1_197' title='bbox 897 1943 992 2004; x_wconf 57' lang='lat' dir='ltr'>fundif</span> 
     </span>
     <span class='ocr_line' id='line_1_28' title="bbox 178 2012 994 2084; baseline -0.001 -18"><span class='ocrx_word' id='word_1_198' title='bbox 178 2019 223 2066; x_wconf 87' lang='lat' dir='ltr'>tus</span> <span class='ocrx_word' id='word_1_199' title='bbox 234 2012 357 2064; x_wconf 88' lang='lat' dir='ltr'>sustulit.</span> <span class='ocrx_word' id='word_1_200' title='bbox 386 2012 499 2081; x_wconf 88' lang='lat' dir='ltr'>Reliqui</span> <span class='ocrx_word' id='word_1_201' title='bbox 508 2030 578 2066; x_wconf 79' lang='lat' dir='ltr'>reto</span> <span class='ocrx_word' id='word_1_202' title='bbox 587 2029 691 2078; x_wconf 88' lang='lat' dir='ltr'>omnes,</span> <span class='ocrx_word' id='word_1_203' title='bbox 702 2020 814 2084; x_wconf 85' lang='lat' dir='ltr'>praeter</span> <span class='ocrx_word' id='word_1_204' title='bbox 824 2014 994 2080; x_wconf 84' lang='lat' dir='ltr'>Epicurum,</span> 
     </span>
     <span class='ocr_line' id='line_1_29' title="bbox 179 2082 993 2151; baseline -0.002 -13"><span class='ocrx_word' id='word_1_205' title='bbox 179 2083 382 2138; x_wconf 81' lang='lat' dir='ltr'>balbutientem</span> <span class='ocrx_word' id='word_1_206' title='bbox 393 2082 427 2134; x_wconf 91' lang='lat' dir='ltr'>de</span> <span class='ocrx_word' id='word_1_207' title='bbox 442 2091 542 2136; x_wconf 87' lang='lat' dir='ltr'>natura</span> <span class='ocrx_word' id='word_1_208' title='bbox 552 2083 691 2146; x_wconf 82' lang='lat' dir='ltr'>Deorum,</span> <span class='ocrx_word' id='word_1_209' title='bbox 711 2083 916 2138; x_wconf 73' lang='lat' dir='ltr'>dininationem</span> <span class='ocrx_word' id='word_1_210' title='bbox 925 2098 993 2151; x_wconf 84' lang='lat' dir='ltr'>pro·</span> 
     </span>
     <span class='ocr_line' id='line_1_30' title="bbox 178 2152 992 2222; baseline 0 -17"><span class='ocrx_word' id='word_1_211' title='bbox 178 2154 329 2216; x_wconf 81' lang='lat' dir='ltr'>haverunt;</span> <span class='ocrx_word' id='word_1_212' title='bbox 343 2152 393 2206; x_wconf 90' lang='lat' dir='ltr'>sed</span> <span class='ocrx_word' id='word_1_213' title='bbox 404 2168 462 2204; x_wconf 81' lang='lat' dir='ltr'>non·</span> <span class='ocrx_word' id='word_1_214' title='bbox 470 2153 628 2218; x_wconf 21' lang='lat' dir='ltr'>unormedo.</span> <span class='ocrx_word' id='word_1_215' title='bbox 666 2154 739 2207; x_wconf 86' lang='lat' dir='ltr'>Nam</span> <span class='ocrx_word' id='word_1_216' title='bbox 750 2169 835 2222; x_wconf 87' lang='lat' dir='ltr'>quum</span> <span class='ocrx_word' id='word_1_217' title='bbox 845 2153 992 2218; x_wconf 85' lang='lat' dir='ltr'>Socrates,</span> 
     </span>
     <span class='ocr_line' id='line_1_31' title="bbox 181 2221 993 2292; baseline 0.005 -21"><span class='ocrx_word' id='word_1_218' title='bbox 181 2233 330 2290; x_wconf 74' lang='lat' dir='ltr'>omnesque</span> <span class='ocrx_word' id='word_1_219' title='bbox 342 2221 487 2285; x_wconf 87' lang='lat' dir='ltr'>Socratici,</span> <span class='ocrx_word' id='word_1_220' title='bbox 497 2224 638 2292; x_wconf 83' lang='lat' dir='ltr'>Zenoque,</span> <span class='ocrx_word' id='word_1_221' title='bbox 647 2223 724 2287; x_wconf 84' lang='lat' dir='ltr'>ethi,</span> <span class='ocrx_word' id='word_1_222' title='bbox 743 2224 792 2292; x_wconf 90' lang='lat' dir='ltr'>qui</span> <span class='ocrx_word' id='word_1_223' title='bbox 802 2224 838 2275; x_wconf 86' lang='lat' dir='ltr'>ab</span> <span class='ocrx_word' id='word_1_224' title='bbox 848 2239 883 2277; x_wconf 87' lang='lat' dir='ltr'>eo</span> <span class='ocrx_word' id='word_1_225' title='bbox 894 2229 993 2276; x_wconf 84' lang='lat' dir='ltr'>essent</span> 
     </span>
     <span class='ocr_line' id='line_1_32' title="bbox 180 2289 991 2362; baseline 0.006 -21"><span class='ocrx_word' id='word_1_226' title='bbox 180 2289 318 2362; x_wconf 78' lang='lat' dir='ltr'>profecti,</span> <span class='ocrx_word' id='word_1_227' title='bbox 346 2301 490 2345; x_wconf 85' lang='lat' dir='ltr'>manerent</span> <span class='ocrx_word' id='word_1_228' title='bbox 509 2295 736 2362; x_wconf 77' lang='lat' dir='ltr'>inantiquorum</span> <span class='ocrx_word' id='word_1_229' title='bbox 755 2292 991 2362; x_wconf 81' lang='lat' dir='ltr'>philosophorum</span> 
     </span>
     <span class='ocr_line' id='line_1_33' title="bbox 179 2362 992 2430; baseline 0.001 -17"><span class='ocrx_word' id='word_1_230' title='bbox 179 2364 333 2425; x_wconf 85' lang='lat' dir='ltr'>sententia,</span> <span class='ocrx_word' id='word_1_231' title='bbox 352 2369 448 2414; x_wconf 81' lang='lat' dir='ltr'>vetere</span> <span class='ocrx_word' id='word_1_232' title='bbox 456 2362 606 2416; x_wconf 80' lang='lat' dir='ltr'>Academia</span> <span class='ocrx_word' id='word_1_233' title='bbox 622 2371 651 2415; x_wconf 92' lang='lat' dir='ltr'>et</span> <span class='ocrx_word' id='word_1_234' title='bbox 662 2364 860 2430; x_wconf 87' lang='lat' dir='ltr'>Peripateticis</span> <span class='ocrx_word' id='word_1_235' title='bbox 873 2378 992 2424; x_wconf 87' lang='lat' dir='ltr'>consen·</span> 
     </span>
     <span class='ocr_line' id='line_1_34' title="bbox 180 2430 992 2502; baseline 0.005 -20"><span class='ocrx_word' id='word_1_236' title='bbox 180 2431 328 2494; x_wconf 89' lang='lat' dir='ltr'>tientibus;</span> <span class='ocrx_word' id='word_1_237' title='bbox 349 2446 486 2500; x_wconf 86' lang='lat' dir='ltr'>quumque</span> <span class='ocrx_word' id='word_1_238' title='bbox 501 2430 567 2483; x_wconf 90' lang='lat' dir='ltr'>huic</span> <span class='ocrx_word' id='word_1_239' title='bbox 583 2434 625 2484; x_wconf 87' lang='lat' dir='ltr'>rei</span> <span class='ocrx_word' id='word_1_240' title='bbox 642 2448 772 2502; x_wconf 75' lang='lat' dir='ltr'>magnam</span> <span class='ocrx_word' id='word_1_241' title='bbox 788 2434 992 2486; x_wconf 80' lang='lat' dir='ltr'>auctoritatem</span> 
     </span>
    </p>
   </div>
   <div class='ocr_carea' id='block_1_7' title="bbox 177 2498 996 2718">
    <p class='ocr_par' dir='ltr' id='par_1_8' title="bbox 177 2498 996 2718">
     <span class='ocr_line' id='line_1_35' title="bbox 177 2498 993 2571; baseline 0.006 -20"><span class='ocrx_word' id='word_1_242' title='bbox 177 2498 356 2569; x_wconf 72' lang='lat' dir='ltr'>Pythagoras</span> <span class='ocrx_word' id='word_1_243' title='bbox 365 2501 421 2551; x_wconf 86' lang='lat' dir='ltr'>iam</span> <span class='ocrx_word' id='word_1_244' title='bbox 434 2507 498 2553; x_wconf 90' lang='lat' dir='ltr'>ante</span> <span class='ocrx_word' id='word_1_245' title='bbox 510 2501 668 2565; x_wconf 85' lang='lat' dir='ltr'>tribuisset,</span> <span class='ocrx_word' id='word_1_246' title='bbox 675 2503 722 2570; x_wconf 86' lang='lat' dir='ltr'>qui</span> <span class='ocrx_word' id='word_1_247' title='bbox 732 2503 817 2556; x_wconf 81' lang='lat' dir='ltr'>etiam</span> <span class='ocrx_word' id='word_1_248' title='bbox 827 2503 888 2569; x_wconf 87' lang='lat' dir='ltr'>ipsc</span> <span class='ocrx_word' id='word_1_249' title='bbox 899 2517 993 2571; x_wconf 78' lang='lat' dir='ltr'>augur</span> 
     </span>
     <span class='ocr_line' id='line_1_36' title="bbox 180 2569 993 2640; baseline 0.005 -19"><span class='ocrx_word' id='word_1_250' title='bbox 180 2570 268 2628; x_wconf 56' lang='lat' dir='ltr'>‘vellet</span> <span class='ocrx_word' id='word_1_251' title='bbox 278 2586 347 2633; x_wconf 88' lang='lat' dir='ltr'>csse,</span> <span class='ocrx_word' id='word_1_252' title='bbox 361 2569 542 2638; x_wconf 85' lang='lat' dir='ltr'>plurimisque</span> <span class='ocrx_word' id='word_1_253' title='bbox 553 2571 624 2624; x_wconf 84' lang='lat' dir='ltr'>locis</span> <span class='ocrx_word' id='word_1_254' title='bbox 634 2574 729 2640; x_wconf 83' lang='lat' dir='ltr'>gravis</span> <span class='ocrx_word' id='word_1_255' title='bbox 740 2581 838 2625; x_wconf 76' lang='lat' dir='ltr'>auctor</span> <span class='ocrx_word' id='word_1_256' title='bbox 844 2572 993 2626; x_wconf 85' lang='lat' dir='ltr'>Democri·</span> 
     </span>
     <span class='ocr_line' id='line_1_37' title="bbox 179 2639 996 2718; baseline 0.009 -29"><span class='ocrx_word' id='word_1_257' title='bbox 179 2642 226 2690; x_wconf 85' lang='lat' dir='ltr'>tus</span> <span class='ocrx_word' id='word_1_258' title='bbox 241 2640 469 2707; x_wconf 82' lang='lat' dir='ltr'>praesensionem</span> <span class='ocrx_word' id='word_1_259' title='bbox 488 2654 582 2695; x_wconf 85' lang='lat' dir='ltr'>rerum</span> <span class='ocrx_word' id='word_1_260' title='bbox 601 2639 761 2696; x_wconf 77' lang='lat' dir='ltr'>futurarum</span> <span class='ocrx_word' id='word_1_261' title='bbox 778 2643 996 2718; x_wconf 62' lang='lat' dir='ltr'>comprobarent</span> 
     </span>
    </p>
   </div>
   <div class='ocr_carea' id='block_1_8' title="bbox 0 0 1057 3025">
    <p class='ocr_par' dir='ltr' id='par_1_9' title="bbox 0 0 1057 3025">
     <span class='ocr_line' id='line_1_38' title="bbox 0 0 1057 3025; baseline 0 0"><span class='ocrx_word' id='word_1_262' title='bbox 0 0 1057 3025; x_wconf 95' lang='lat' dir='ltr'> </span> 
     </span>
    </p>
   </div>
  </div>
 </body>
</html>
