2084 3025
219 125 242 138 ··
281 124 283 128 ·
367 101 680 190 nasamonas!
859 95 912 171 itt

99 205 338 286 ,‚detra1erint;“
357 218 509 292 multorum
530 219 616 273 etiam
635 234 686 286 spe
701 215 911 272 commodorum

99 290 345 359 praemiorumque
360 287 515 352 ducuntur3
536 289 630 339 omnia
643 291 791 341 consulem
811 295 922 357 putant'

15 371 20 378 ·
99 374 199 427 posse,
219 356 671 425 praesertimultro-pollicentem.
707 359 817 426 Dequo
829 360 912 427 plura

84 429 163 480 'iam
172 442 228 478 non
240 427 339 479 dicam.
376 425 419 480 37.
439 430 614 495 Quamquam
625 444 667 491 ea,
688 445 757 497 quae
769 428 837 491 dixi,
855 444 912 481 non

5 533 7 538 -
102 512 185 550 secus
196 495 262 560 dixi,
280 511 363 564 quam
374 496 398 547 si
409 496 467 550 eius
478 497 568 549 frater
578 513 667 550 essem
672 534 680 561 ,
702 513 757 548 non
768 498 805 560 is,
825 498 871 564 qui
882 504 912 551 et

103 572 149 621 est
158 572 186 620 ct
198 564 246 633 qui
256 565 346 618 multa
358 566 443 630 dixit,
461 566 510 620 sed
528 568 567 633 is,
588 568 635 636 qui
646 582 699 635 ego
710 569 808 619 esseio
819 582 912 618 meum

52 701 56 706 .
104 636 245 689 consuevi.
283 634 385 689 Generi
396 636 485 704 igitur
499 638 590 689 totius
601 637 787 698 accusationis
799 636 912 688 resiste

101 720 144 767 re,
153 704 269 766 iudices,
280 704 397 767 debetis,
402 706 432 757 in
443 721 497 774 quo
509 706 578 758 nihil
588 722 675 769 more,
686 704 756 757 nihil
767 704 859 767 modo,
870 705 912 756 ni·

102 773 147 827 bil
158 773 345 839 considerate,
363 775 567 846 nihilintegre3
586 783 686 828 contra
695 776 833 842 improbe,
853 780 911 826 tur·

101 842 180 907 bide,
191 843 365 907 festinanter,
376 845 474 912 rapide
486 846 581 898 omnia
592 846 809 913 conspiratione,
825 844 912 911 impe·

103 913 157 976 rio,
168 913 346 976 auctoritate,
357 929 415 981 spe,
426 916 508 968 minis
518 916 619 968 videtis
631 931 691 967 esse
701 920 840 981 suscepta.

156 979 202 1035 38.
221 980 312 1035 Venio
324 998 396 1036 nunc
406 984 442 1036 ad
453 991 549 1048 testes,
569 985 708 1052 inquibus
720 983 836 1045 docebo,
854 996 911 1035 non

102 1050 188 1105 modo
199 1051 305 1105 nullam
315 1053 399 1106 fidem
410 1055 659 1117 etauctoritatem,
680 1054 729 1106 scd
745 1069 778 1105 ne
789 1053 910 1121 speciem

104 1121 216 1191 quidem
230 1136 291 1190 esse
306 1129 355 1174 aut
370 1124 520 1192 imaginem
538 1125 663 1178 testium.
698 1124 809 1176 Etenim
826 1122 910 1173 fidens

102 1191 223 1260 primum
242 1192 305 1258 ipsa
325 1192 403 1245 tollit
422 1196 584 1258 consensio,
616 1209 687 1262 quae
707 1193 847 1246 labefacta
866 1196 911 1243 est

104 1262 306 1327 compromisso
327 1261 478 1316 Sardorum
503 1269 533 1316 et
559 1264 751 1316 coniuratione
771 1262 909 1329 rogitata3

103 1330 207 1384 deinde
222 1330 272 1383 illa
288 1333 440 1400 cupiditas,
460 1349 533 1401 quoe
547 1339 679 1400 suscepta
688 1339 731 1398 est
742 1347 791 1399 spe
808 1337 836 1383 et
848 1345 910 1397 prc-

102 1398 230 1456 ms'ssione
250 1403 453 1467 proemiorum
475 1410 617 1470 postremo
633 1403 695 1470 ipsa
715 1403 807 1463 natio,
831 1400 910 1451 cuius

102 1476 184 1527 tanta
198 1469 308 1524 vanitas
327 1479 382 1537 est,
402 1478 434 1525 ut
449 1473 608 1526 libertatem
618 1488 635 1524 a
645 1472 780 1524 servitute
790 1470 869 1522 nulla
878 1483 911 1522 re

102 1542 162 1594 alia
182 1540 236 1591 nisi
254 1542 406 1595 mentiendi
425 1544 541 1595 licentia
561 1542 783 1609 distinguendam
802 1539 910 1608 putent,

102 1611 147 1664 39.
166 1608 263 1678 Neque
273 1627 326 1680 ego
337 1613 410 1677 dico,
435 1612 588 1665 Sardorum
603 1612 725 1680 querelis
736 1611 844 1662 moveri
859 1624 910 1660 nos

102 1695 253 1747 numquam
275 1688 414 1751 oportere.
450 1682 514 1734 Non
529 1698 589 1733 sum
606 1689 655 1734 aut
671 1688 729 1732 tam
745 1678 910 1732 inhumanus
1004 1698 1008 1717 ι

102 1757 154 1803 aut
174 1756 231 1819 tam
250 1750 360 1802 alienus
378 1768 395 1803 a
409 1750 517 1815 Sardis,
540 1753 706 1820 praesertim
722 1767 805 1818 quum
821 1750 912 1800 frater

36 1858 40 1862 -
101 1833 181 1872 nicus
191 1832 278 1887 nuper
289 1820 324 1872 ab
336 1819 379 1872 his
390 1822 550 1885 decesserit,
561 1837 645 1890 quum
656 1822 697 1873 rei
703 1816 911 1893 frumentariae

103 1888 291 1957 Cn.‘Pompeii
307 1890 393 1942 nrissu
409 1890 592 1958 praefuisset:
613 1893 661 1960 qui
676 1899 704 1944 et
718 1893 780 1958 ipse
790 1890 848 1941 illis
858 1901 910 1955 pro

102 1972 155 2011 sua
169 1958 224 2010 lide
239 1965 267 2012 et
281 1957 455 2013 humanitate
472 1961 613 2014 consuluit
625 1967 653 2014 et
663 1962 703 2013 eis
719 1961 839 2011 sicissim
851 1972 912 2025 per·

103 2043 185 2081 carus
204 2037 233 2080 et
247 2029 386 2081 iucundus
405 2030 467 2082 fuit.
502 2031 547 2082 40.
568 2031 668 2084 Pateat
679 2047 745 2084 vero
757 2029 809 2081 hoc
819 2027 912 2095 perfu-

103 2099 179 2166 gium
190 2097 290 2160 dolori,
312 2105 410 2165 pateat
419 2100 502 2151 iustis
513 2101 646 2167 querelis3
667 2098 854 2152 coniurationi
864 2097 912 2150 via

101 2166 316 2231 intercludatur,
328 2168 490 2236 obsepiatur
499 2170 623 2236 insidiis,
645 2187 733 2238 neque
744 2167 799 2223 boc
808 2169 837 2219 in
848 2166 911 2219 Sar·

101 2236 147 2288 dis
158 2236 257 2304 magis,
269 2253 350 2304 quam
362 2238 391 2290 in
403 2238 501 2302 Gallis,
512 2241 542 2290 in
551 2239 634 2303 Afris,
646 2241 674 2291 in
685 2239 828 2305 Hispanis.
856 2235 912 2287 Da·

102 2312 216 2358 amatus
228 2313 271 2358 est
287 2305 319 2359 Τ.
331 2308 472 2371 Albucius,
483 2311 512 2361 C.
525 2311 715 2378 Megaboccus
726 2324 761 2360 ex
772 2305 912 2368 Sardmia,

5 2436 6 2439 Ἴ
101 2374 244 2428 nonnullis
255 2377 340 2431 etiam
351 2377 528 2430 laudantibus
540 2378 645 2431 Sardis.
674 2379 719 2427 lta
729 2375 812 2426 fidem
823 2374 912 2425 maie-

101 2456 163 2499 rem
184 2445 305 2497 amictas
320 2446 383 2512 ipsa
396 2447 528 2498 iaciebat.
564 2446 697 2499 Testibus
713 2444 787 2495 enim
805 2443 912 2509 aequis,

99 2513 207 2568 tabulis
226 2514 396 2582 incorruptis
415 2517 590 2567 tenebantur.
626 2511 670 2567 41.
691 2513 771 2565 Nunc
791 2517 834 2563 est
856 2525 912 2563 una

99 2581 342 2648 sox‚''una1nens;
362 2602 416 2636 non
427 2600 559 2651 expressa
570 2585 681 2644 dolore,
702 2582 751 2633 scd
761 2579 911 2643 simulata;

100 2666 191 2724 neque
202 2650 284 2740 buius
295 2654 422 2721 munds,
441 2653 649 2725 sedpromissis
660 2652 781 2707 aliorum
792 2655 820 2704 ct
831 2663 911 2719 praa·
