2084 3025
245 102 573 194 consonano.
764 141 815 194 aar

45 259 116 298 trum
126 257 243 306 sertum,
265 249 349 312 atque
360 244 610 297 incommodorum.
644 243 717 297 Nam
728 242 817 297 inian-

44 332 82 367 am
103 321 130 366 et
153 315 301 382 pueritiam
316 315 440 383 vagitus,
459 315 609 377 lacrimae,
630 313 817 377 imbecillitas,

44 386 106 436 illus
116 382 293 436 narrationis
305 399 355 436 nee
367 385 492 451 corporis
503 400 586 446 usus,
607 384 720 436 dolores
731 385 818 436 molo·

44 456 139 522 lacque
161 469 241 522 (luam
253 454 390 520 plurimae
402 454 616 521 amplectuntur.
652 453 819 506 Adolescen-

44 540 81 576 nn
100 523 183 575 ardor
200 523 313 591 quidam
334 524 438 591 exeipit
449 526 570 587 aetatis,
592 540 643 576 nee
654 523 820 590 prudentiae

43 610 64 645 te
84 592 181 645 iudicii
202 607 331 659 oompos:
350 608 442 646 rerum
457 594 572 646 utilium
590 611 623 646 ac
635 593 820 646 laudabilium

43 664 195 728 ntemptior
216 663 371 730 voluptatis
383 669 411 715 et
420 662 505 731 daepe
516 663 700 731 turpitudinis
712 663 820 729 appeti·

43 751 67 785 r:
78 735 137 784 reri
146 732 214 783 boni
223 732 378 800 ignoratio:
394 733 423 785 in
433 748 515 801 pares
525 731 644 796 ferocia,
655 733 686 783 in
696 733 820 799 superio·

43 821 56 855 s
68 803 214 871 superbia,
233 803 261 854 in
272 802 383 855 intimos
392 803 564 871 arrogantia.
600 804 645 854 Ex
655 800 698 853 his
709 809 821 852 conten·

42 889 115 936 ines,
134 874 221 935 rixae,
242 873 444 935 contumeliae,
464 872 593 925 assiduus
605 872 724 939 denique
735 871 820 924 molo·

42 947 130 996 iarum
153 957 303 994 concursus
319 943 446 1007 exsistit3
470 957 505 995 ox
518 942 603 994 rebus
618 927 742 997 honestis
757 956 821 991 con-

42 1012 283 1079 mptisinfelieitas
294 1018 322 1063 ot
332 1012 463 1064 infamia:
474 1027 509 1063 ox
519 1012 657 1079 turpibus,
664 1012 822 1063 euriosear·

42 1084 101 1151 ptis
113 1088 141 1133 et
153 1082 325 1150 conquisitis,
341 1082 442 1144 luctus,
459 1081 559 1144 morbi,
569 1087 735 1148 perpetuum
747 1081 822 1133 doni·

41 1171 65 1207 re
79 1152 219 1218 suiipsius
231 1150 375 1212 odium,ex
387 1152 502 1220 cognita
512 1166 605 1203 rerum
616 1152 739 1218 turpium
750 1165 821 1206 mer·

41 1224 82 1275 :de
94 1221 251 1275 condatum.
287 1214 366 1274 lldde
376 1222 489 1276 insanas
501 1221 682 1288 pecuniarum
693 1220 821 1287 largitio·

41 1311 71 1356 is,
81 1291 186 1342 nnllam
197 1291 285 1342 loturi
295 1293 431 1359 temporis
442 1307 545 1353 curam,
565 1307 621 1344 non
631 1291 753 1359 inopiae,
764 1305 820 1342 non

41 1377 176 1424 ierorom,
188 1376 242 1412 non
253 1362 419 1424 uxoris,non
429 1368 676 1430 posterorum,non
687 1360 821 1413 familiae.

40 1449 94 1484 une
102 1432 128 1482 si
139 1431 200 1498 quis
213 1432 314 1482 aetatis
324 1433 419 1498 potius
430 1432 510 1494 vitia,
519 1445 602 1498 quam
614 1438 731 1490 naturae
742 1431 823 1481 nuise-

40 1501 315 1568 as,relitappellare:
326 1516 489 1568 quamquam
497 1501 618 1553 nominis
629 1502 823 1569 quaestionem
846 1518 860 1550 x

40 1574 143 1634 ducat,
166 1579 324 1624 nontamen
342 1570 419 1639 ipsas
428 1571 463 1622 ab
475 1568 587 1623 homine
597 1571 725 1624 miserias
736 1577 822 1637 atquo

41 1639 191 1695 commoda
203 1641 367 1693 removebit.
385 1640 443 1693 Nee
454 1655 520 1692 varo
533 1640 687 1692 audiendus
700 1641 764 1704 erit,
774 1641 822 1707 qui

40 1727 82 1764 tec
97 1710 132 1761 ab
155 1709 290 1762 humanae
302 1717 418 1762 naturae
434 1710 555 1762 miseriis
566 1711 722 1776 separanda
731 1716 823 1777 putet,

40 1780 87 1834 lod
98 1795 153 1831 non
163 1779 192 1830 in
203 1785 304 1830 natura
313 1779 398 1830 insita
407 1778 474 1842 aiot,
495 1778 546 1831 sed
555 1780 647 1842 unius,
657 1780 702 1844 rel
714 1781 822 1846 aliquo·

44 1867 72 1901 m
84 1848 227 1901 bominum
238 1863 348 1900 errores
359 1846 518 1900 rideantur:
537 1849 626 1900 totius
638 1855 732 1901 autem
742 1855 822 1901 natu·

42 1939 60 1973 a
80 1920 132 1972 illa
147 1934 209 1972 esse
230 1917 364 1977 affirmet,
384 1918 697 1985 quaeanulloprorsus
708 1917 822 1974 homine

40 1990 123 2059 iungi
133 1989 254 2057 possint.
272 1987 358 2049 Quasi
369 2002 437 2040 vero
448 1987 599 2039 humanum
610 2003 666 2039 non
676 1989 715 2040 sit
725 1989 820 2052 irasci,

40 2060 86 2113 rod
98 2059 183 2110 multi
194 2073 248 2110 non
260 2057 428 2121 irascantur,
448 2063 498 2109 aut
513 2065 569 2109 nori
580 2056 730 2111 humanum
742 2060 821 2127 loqui

47 2129 216 2182 societatem
229 2128 314 2191 coire,
335 2126 409 2195 quod
419 2125 502 2179 multi
513 2129 703 2195 reperiantur,
716 2131 770 2197 ‘qni
782 2130 822 2179 ni·

40 2201 49 2251 l
60 2198 206 2250 difficilius
216 2197 330 2260 saciant,
351 2213 432 2265 quam
445 2213 506 2250 oum
517 2198 676 2252 bominibus
687 2200 822 2266 omgredi

40 2275 60 2320 rt
71 2282 228 2320 sermonem
242 2283 303 2318 oum
314 2267 408 2336 aliquo
420 2266 557 2320 conferre.
582 2272 761 2324 vernantem
772 2267 822 2321 lru·

40 2354 111 2390 anne
123 2337 253 2389 miseriae
263 2345 343 2400 sunt,
364 2337 452 2405 quod,
474 2338 529 2389 etsi
544 2354 599 2391 non
611 2354 707 2392 omnes
718 2340 745 2390 in
756 2355 821 2401 uno,

40 2416 86 2460 rto
99 2423 197 2459 omnes
207 2407 237 2458 in
248 2407 384 2470 omnibus,
403 2413 433 2460 at
443 2407 539 2474 aliqua
549 2408 577 2461 in
588 2410 691 2473 multis,
711 2416 740 2462 et
751 2411 820 2460 mul·

40 2493 54 2529 o
66 2481 153 2543 saepo
164 2476 191 2526 in
205 2492 260 2527 uno
271 2483 469 2543 agnoscuntur.
500 2478 568 2542 lam,
579 2480 733 2532 constantis
745 2485 822 2531 aeta

40 2565 44 2597 ι
58 2554 128 2614 quot
140 2551 315 2612 quantaeque
325 2547 454 2600 miseriae
466 2546 593 2611 sint,non
603 2548 717 2601 difficile
728 2557 770 2600 est
781 2550 821 2600 in-

40 2617 150 2682 lligere,
163 2621 192 2667 at
203 2614 401 2668 difficillimum
413 2632 584 2671 arrumoraro.
610 2619 689 2672 Haeo
701 2619 773 2670 anim
785 2632 821 2670 ex

40 2687 141 2737 unibus
161 2683 281 2758 bominis
292 2688 433 2741 aetatibus
444 2688 475 2741 io
485 2688 715 2755 perturbationes
725 2689 820 2748 animi,
