2084 3025
212 162 215 167 ’
272 142 350 193 nte.
368 142 422 193 iil.
460 98 547 193 cst‘.
563 141 590 194 ti.
606 143 630 195 7.
796 143 848 198 401

45 258 131 313 qoam
150 241 332 294 humanitatis
350 258 466 309 corpore
483 244 655 312 segreganda
671 250 722 298 est.
759 246 850 299 liuius

44 313 158 382 generis
178 318 242 364 sunt
262 314 438 378 quaestiones
461 329 555 365 omnes
572 330 634 377 ear,
652 315 681 365 in
701 316 801 382 quibus
815 331 850 369 ex

46 391 175 448 tempore
186 381 306 433 officium
318 383 481 447 exquiritur.
510 382 568 434 Vll.
581 384 622 435 3³.
642 383 787 435 Eiusmodi
799 385 839 503 iqi

44 459 100 513 tur,
120 450 214 512 credo,
235 464 279 501 res
290 449 451 501 Panaetium
462 460 672 518 peremturum
683 453 776 515 lutam,
797 471 814 504 n
825 455 848 505 si

45 520 136 585 aliqui
156 534 238 570 enus
253 526 302 569 eut
313 520 463 586 occupatio
479 522 626 572 eonsilium
640 523 702 571 eius
720 523 850 587 peremis·

45 595 102 640 set:
122 588 159 639 ad
174 602 241 654 ques
257 588 334 652 ipsas
345 589 565 642 consultationes
575 604 609 642 ex
619 590 809 656 superioribus
820 591 851 642 li-

45 655 529 724 brissatismoltapraeeeptasunt,
548 659 648 725 quibus
658 659 779 725 perspici
788 672 851 725 pos-

46 726 99 787 sit,
118 724 184 791 quid
200 725 237 776 sit
252 731 367 792 propter
377 727 578 794 turpitudinem
590 725 765 794 fugiendum
784 727 851 794 quid

46 794 157 860 ideirco
171 793 331 862 fugiendum
347 811 401 846 noo
416 797 468 857 sit,
487 796 561 862 quod
577 796 690 847 omnino
705 802 788 862 turpe
798 810 852 848 non

46 865 93 915 sit.
130 862 187 915 Sed
197 865 325 930 quoniatn
336 866 415 930 operi
424 863 564 925 lemnam,
574 871 762 931 pnipetamen
772 865 852 916 obsti·

44 934 107 986 luto
130 939 272 998 tamquam
287 931 432 1000 fastigium
450 933 631 998 imponimus:
649 939 852 1001 utgeometroe

44 1001 140 1053 solent
149 1016 205 1051 non
216 1002 309 1052 onnia
320 1001 430 1063 docere,
445 1002 496 1054 sed
506 1002 656 1069 pustulam,
671 1000 703 1053 tlt
715 1001 850 1069 quaedam

45 1071 101 1123 sibi
108 1069 304 1132 concedantur,
314 1085 369 1137 quo
379 1070 498 1133 facilius,
508 1086 578 1138 quoe
588 1072 852 1137 noluntexplieents

45 1140 90 1191 sis
99 1155 153 1208 ego
163 1154 181 1190 a
190 1143 219 1190 te
228 1139 351 1205 postulo,
366 1140 406 1190 nni
416 1141 522 1201 Cicero,
539 1146 570 1190 ut
582 1139 804 1202 mibieoneedos,
826 1140 852 1192 sl

46 1215 140 1278 petes,
156 1206 233 1271 nibil,
249 1218 362 1275 praeter
371 1210 409 1270 id,
420 1208 636 1276 quodslsnesttnn
647 1210 692 1271 sit,
700 1219 814 1277 propter
823 1225 852 1262 se

46 1294 102 1331 esse
117 1295 133 1329 e
200 1278 301 1329 endunt.
337 1276 385 1329 Sin
399 1275 454 1337 boe
464 1278 597 1330 noniieet
609 1292 660 1343 per
673 1280 850 1344 Cratippum:

48 1354 78 1400 at
86 1286 248 1401 tumente
258 1346 345 1409 dabis,
364 1345 580 1411 qsodltonestsnn
590 1346 641 1408 eit,
661 1346 692 1396 is
698 1362 756 1397 esse
766 1345 852 1398 noxi

47 1432 89 1469 sne
99 1422 215 1483 propter
229 1428 256 1465 se
266 1415 449 1481 enpetentlnrn.
481 1414 557 1465 biiii
568 1414 783 1467 utrumnissetis
794 1421 851 1477 ως

48 1491 77 1539 et
87 1489 149 1535 tum
160 1482 222 1546 boe,
239 1490 298 1534 tona
309 1483 380 1534 illud
391 1482 564 1550 probabilius
574 1482 693 1543 videtur,
713 1497 764 1534 nee
774 1497 852 1548 prae·

47 1562 128 1614 (σοι
143 1552 292 1620 quidquem
327 1553 461 1605 robabiie.
497 1552 540 1605 ut
559 1555 598 1604 Ae
616 1553 735 1618 primum
750 1551 853 1603 Panae·

46 1626 106 1676 tius
117 1624 149 1673 in
159 1620 212 1673 hoc
220 1567 408 1674 defendendus
419 1628 475 1683 est,
497 1620 571 1688 qood
583 1636 637 1672 non
646 1620 728 1671 utilia
738 1636 798 1673 eum
809 1620 854 1671 lto·
942 1643 947 1653 ·

46 1692 131 1748 nestit
141 1707 268 1761 pugnare
284 1691 430 1758 aliquando
440 1706 519 1759 posse
530 1691 645 1751 dixerit,
666 1694 700 1753 (ιι
736 1704 770 1740 ue
780 1690 852 1740 emm

47 1764 76 1815 ei
88 1761 133 1813 las
143 1765 228 1824 eran)
240 1760 290 1812 sed
301 1776 422 1829 esque
432 1759 587 1812 nonense
596 1759 686 1812 stilio.
751 1757 803 1811 iiii
811 1774 852 1811 se·

47 1849 81 1887 ro
100 1830 183 1895 ostile,
202 1831 274 1897 qnod
290 1847 343 1882 non
362 1829 432 1881 idest
447 1826 600 1882 honestem:
621 1827 691 1882 nibil
704 1828 852 1892 honestent,

48 1901 124 1971 qnod
143 1900 284 1953 miden
302 1896 430 1960 stilesit,
449 1912 532 1966 saepe
552 1904 686 1950 testetur:
706 1904 852 1966 negatque,
962 1895 971 1904 “

49 1973 136 2025 nilons
153 1977 257 2038 postest
277 1967 405 2020 maiorem
421 1966 450 2020 s'n
464 1967 551 2019 sitem
565 1965 699 2020 bominum
715 1967 854 2031 invenisse,
895 2007 900 2015 .

50 2055 135 2109 quom
150 2053 241 2090 eorem
256 2037 420 2105 opinionem,
439 2036 485 2103 qui
499 2037 556 2090 s‘eto
575 2036 764 2089 distraxerint.
800 2036 854 2087 lta·

27 2117 29 2120 ’
52 2124 108 2178 que
123 2122 192 2169 non,
212 2113 244 2157 ut
258 2105 412 2172 aliquando
427 2111 655 2171 anteponeremus
672 2106 755 2157 utilia
772 2104 854 2156 bone·

52 2179 118 2239 stis,
139 2175 190 2228 sed
206 2181 238 2226 ut
253 2190 287 2226 ea
301 2176 360 2226 sine
376 2189 471 2227 errore
487 2175 716 2236 diiudicarenms,
735 2174 761 2226 si
771 2189 854 2241 quan·

52 2246 89 2301 eo
107 2244 285 2306 incidissent,
305 2232 415 2294 induxit
434 2257 509 2306 eant,
534 2257 604 2311 quae
622 2243 765 2296 rideretur
784 2256 854 2301 esse,

50 2319 284 2383 nemquaeesset,
302 2313 521 2380 repugnantiam.
558 2313 639 2364 Hane
649 2313 736 2379 igitur
747 2318 854 2377 partem

53 2387 182 2440 relictam
207 2382 392 2449 explebimus,
417 2381 502 2432 nullis
524 2380 712 2440 adminiculis,
737 2377 800 2438 sed,
824 2381 857 2428 ut

54 2456 171 2516 dieitur,
186 2451 284 2504 Marte
303 2457 408 2503 nostro.
444 2449 541 2518 Neque
562 2450 633 2502 enisu
654 2447 805 2513 quidquam
821 2442 857 2522 de

57 2524 108 2580 bae
118 2527 278 2591 partepost
287 2519 449 2572 Panaetium
461 2519 630 2586 expiieotum
641 2520 696 2575 est,
715 2511 789 2577 quod
799 2524 857 2576 qus·
886 2539 892 2560 2

56 2595 119 2648 dem
129 2592 200 2644 mibi
211 2593 376 2660 probaretur
386 2588 421 2641 de
429 2586 479 2653 iis,
498 2588 609 2658 quaein
620 2596 717 2635 manus
727 2591 858 2630 meusne·

56 2669 168 2730 neunt.
