2084 3025
208 193 266 252 210
431 193 488 246 DE
505 188 800 279 DIVINATIONE

210 307 244 354 ut
254 300 301 353 rel
310 290 476 351 uou'cadere
485 304 568 365 atque
579 297 703 360 merdae,
713 296 760 349 rel
771 288 856 349 alitei·
864 297 966 350 cadere
975 303 1021 352 at·

117 422 119 425 .
210 385 264 439 que
275 370 385 423 evenire
395 368 537 436 potueritl
555 362 616 430 ooo
628 367 712 418 modo
723 381 789 433 ergo
800 367 838 430 id,
849 367 926 435 quod
933 374 1010 420 teme

210 455 243 494 rc
253 441 286 491 tlt
296 454 380 491 caeco
392 454 458 490 casu
468 443 498 490 et
508 437 692 489 volubilitate
700 437 838 499 fortunae,
849 437 1022 504 praesentiri

212 508 380 577 etpraedici
393 507 503 574 potest!
539 504 581 558 lo.
599 506 726 558 Medicus
745 509 871 559 morbum
892 507 1022 574 ingrave-

212 585 335 632 stantem
346 579 456 630 ratione
467 576 605 644 providet,
615 575 732 627 insidias
741 577 1022 644 Imperatomempe·

212 656 305 701 states
319 648 502 716 gubernator:
524 653 553 697 et
563 652 660 697 tamen
669 644 699 695 bi
711 646 767 711 ipsi
777 661 860 714 saepe
872 645 1023 708 fallentem

213 719 263 786 qui
272 715 344 769 nibil
353 718 416 769 sine
425 723 502 770 certa
512 715 794 781 ratioueopinautur:
816 716 871 784 {ut}
884 715 1023 783 agricola,

213 803 297 856 quum
307 786 405 840 florem
416 787 500 839 oleae
505 786 600 846 ridetr
611 785 728 835 baccam
736 801 845 854 quoque
854 800 889 837 se
895 786 1019 836 risurum

213 863 308 926 putat:
328 873 387 908 nou
400 857 461 908 sine
475 854 585 908 ratione
604 854 659 906 ille
675 854 798 921 quidcm3
822 855 875 908 sed
887 868 1021 904 nonnum·

214 933 402 995 quantarum
412 925 530 977 fallitur.
567 924 649 988 Quod
660 924 685 975 si
695 924 830 975 falluntur
839 925 873 986 ii,
894 924 942 990 qul
952 921 1020 973 nibil

144 1032 149 1041 ι
213 998 275 1050 siue
290 997 385 1062 aliqua
400 994 543 1062 probabili
557 995 721 1046 coniectura
733 1009 766 1045 ac
780 995 890 1045 ratione
909 993 1019 1043 dicunt:

194 1086 198 1093 ⁴
213 1065 285 1132 quid
293 1065 507 1118 existimandum
516 1070 561 1116 est
572 1064 606 1115 de
618 1063 780 1115 coniectura
788 1078 897 1127 cirrum,
913 1064 962 1129 qui
975 1078 1021 1114 ex·

213 1135 251 1202 tis
266 1141 315 1186 aut
331 1135 428 1186 aribus
444 1140 493 1185 aut
508 1134 628 1185 ostentis
640 1139 690 1183 aut
707 1134 829 1184 oraculis
845 1137 894 1183 aut
903 1133 1020 1183 somniis

213 1203 309 1256 lutura
320 1203 529 1269 praesentiunti
546 1202 675 1254 Nondum
687 1201 758 1264 dico,
770 1217 851 1270 quam
863 1199 933 1253 baec
942 1203 1022 1269 signa

213 1273 292 1325 nulla
303 1273 368 1334 sint,
380 1271 474 1323 fissum
485 1273 596 1335 iecoris,
613 1272 692 1323 corvi
701 1278 808 1334 cautus,
822 1271 935 1323 volatus
945 1273 1020 1338 aqui·

212 1342 266 1405 lae,
278 1342 611 1404 stol-laetraiectioffoces
622 1342 785 1404 furentium,
791 1347 892 1409 sortes,
899 1341 1022 1392 somniat

213 1412 252 1465 de
260 1412 362 1480 quibus
370 1408 486 1479 siugulis
498 1412 648 1464 dicamsuo
659 1411 739 1462 loco:
748 1426 822 1461 nunc
829 1410 867 1463 de
874 1409 1021 1462 universis.

214 1478 255 1535 17.
277 1481 331 1545 Qut
346 1487 440 1549 potest
459 1481 617 1549 provideri,
637 1480 786 1548 quidquam
808 1479 935 1532 futurum
950 1496 1023 1544 esse,

213 1553 290 1621 quod
300 1567 387 1620 neque
398 1567 526 1603 caussam
540 1549 624 1603 babet
634 1552 724 1603 ullam
742 1566 832 1618 neque
846 1557 953 1613 notam,
973 1566 1022 1603 cur

212 1623 336 1675 futurum
348 1622 402 1674 siti
421 1620 496 1673 Solis
507 1620 687 1685 defectiones,
703 1621 827 1688 itemque
839 1621 934 1683 lunae,
945 1636 1026 1687 prae·

212 1693 342 1745 dicuntur
353 1692 382 1742 in
393 1693 496 1743 multos
507 1708 596 1743 anuos
609 1691 708 1753 abiis,
724 1691 774 1758 qui
789 1691 910 1741 siderum
926 1706 1024 1741 crrrsus

213 1770 242 1815 ct
256 1769 352 1821 motus,
365 1762 487 1814 numeris
509 1768 721 1828 persequuntur.
757 1760 800 1811 Eo
819 1760 893 1818 caim
934 1760 1024 1812 raedi-

214 1838 292 1896 cunt3
304 1847 375 1899 quae
386 1838 504 1883 naturae
515 1831 669 1883 necessitas
682 1829 840 1897 perfectura
851 1837 902 1881 est.
946 1829 1025 1882 ideut

214 1916 249 1953 ex
261 1902 489 1955 constantissimo
500 1908 577 1953 motu
587 1901 679 1961 lunae,
699 1899 808 1966 quaudo
819 1899 870 1950 illa
881 1915 896 1951 e
907 1901 1025 1967 regione

214 1970 370 2022 solis·facta
380 1971 542 2023 incurratis
554 1971 681 2020 umbram
690 1975 793 2031 torrae,
809 1984 885 2036 quae
894 1976 937 2021 est
947 1975 1026 2020 meta

212 2041 316 2103 noctis,
330 2047 363 2092 ut
375 2056 437 2093 eam
448 2040 592 2092 obscurari
601 2038 779 2090 accessesit:
799 2038 966 2106 quandoque
979 2053 1024 2090 ea·

214 2111 277 2163 dem
289 2111 355 2162 luna
365 2111 494 2162 subiecta
504 2116 590 2177 atque
602 2108 804 2176 oppositasoli,
816 2109 923 2161 nostris
935 2108 1024 2159 oculis

123 2178 126 2182 ’
205 2180 275 2233 ‘eius
287 2180 382 2232 lumen
390 2180 534 2231 obscuret:
545 2194 598 2246 quo
610 2179 639 2230 io
649 2178 1024 2248 signoquaequeerrantium

213 2250 372 2311 stellarum
390 2263 499 2315 quoque
519 2254 644 2317 tempore
663 2249 757 2300 futura
766 2250 815 2301 sit:
838 2250 889 2316 qui
907 2253 1025 2300 exortus

214 2334 324 2386 quoque
334 2319 380 2369 die
390 2318 467 2385 signi
474 2318 599 2382 alicuius,
611 2325 659 2370 aut
669 2319 718 2386 qui
727 2334 842 2371 occasus
854 2318 968 2382 futurum
976 2318 1025 2370 sit.

213 2388 294 2440 Haec
305 2388 352 2455 qui
364 2394 432 2439 ante
440 2387 548 2449 dicum,
565 2404 647 2455 quam
658 2388 795 2441 rationem
807 2395 970 2455 sequantur,
985 2388 1027 2439 ri·

213 2457 271 2509 des.
307 2455 367 2509 Vll.
383 2455 425 2508 18.
442 2458 499 2521 Qui
510 2455 673 2509 thesaurum
684 2458 824 2510 inventum
836 2458 901 2520 iri*‚
920 2464 970 2509 aut
980 2456 1029 2510 be·

212 2525 362 2581 reditatum
374 2532 519 2579 venturam
532 2527 641 2590 dicunt,
662 2526 727 2595 quid
742 2528 912 2598 sequunturl
935 2533 988 2578 aut
1000 2528 1029 2578 in

213 2613 268 2664 que
276 2611 370 2649 rerum
382 2603 482 2649 natura
491 2598 578 2663 iuest,
594 2597 624 2647 id
639 2596 780 2649 futurum?
817 2596 900 2659 Quod
911 2598 938 2648 si
948 2595 1031 2659 baec,

213 2681 300 2733 eaque
312 2672 457 2734 quaesunt
468 2666 592 2719 eiusdem
603 2668 724 2735 generis,
734 2666 838 2719 babent
847 2668 976 2733 aliquam
991 2675 1030 2718 ta·

212 2733 269 2790 lem
279 2737 487 2805 necessitatem
509 2736 576 2805 quid
592 2741 637 2792 est
651 2736 779 2803 tandem,
798 2736 873 2810 quod
885 2747 955 2789 casu
967 2736 1032 2791 ficri
