2084 3025
257 133 588 203 coNsoLs'rlo.
641 178 644 183 -
775 135 831 194 tat

26 241 57 302 :id
66 243 233 316 cognitione,
245 245 341 313 posita
350 244 396 296 sit.
415 245 458 296 Ex
468 260 525 312 quo
536 247 578 306 iit,
591 250 633 308 ut,
642 243 773 297 veritatis
783 260 828 296 oo·

26 319 176 389 gnitiouem
197 316 331 378 assecuti,
357 314 485 381 perfecta
504 315 689 381 absolutaque
709 315 830 366 scientia

26 389 175 457 potiamur:
194 400 315 453 veroque
326 384 382 435 dici
391 391 494 451 potest,
505 384 553 452 qui
563 386 709 436 veritatem
719 384 829 437 intuea-
861 376 873 397 “

26 467 71 511 tur
86 471 222 522 sensuque
238 455 390 523 pereipiat,
409 468 472 506 eum
486 455 549 505 voti
559 455 605 506 sui
615 458 772 521 compotem
785 460 847 504 ver

26 539 109 596 reque
130 526 243 577 beatum
263 540 332 576 esso.
369 524 451 585 Quod
466 525 491 575 si
505 526 590 576 beata
601 523 660 575 11111
670 522 831 591 maerendo
908 570 912 577 ‚

26 597 167 658 uobis'est
190 594 402 662 necquidquam
414 593 578 660 fugiendum
590 594 689 660 magis,
703 607 784 660 quum
796 607 832 642 ue

26 666 199 718 miseriarum
221 665 359 732 gravitate
377 672 550 730 premamur:
570 664 636 732 quid
654 663 705 714 iilo
721 660 832 712 hostius

26 736 139 806 stultius
158 741 207 786 aut
217 734 349 786 stolidius
360 734 476 800 reperiri
491 740 597 800 potest,
619 733 666 800 qui
676 731 832 784 ceterorum

26 813 116 857 urorte
126 805 166 856 ita
176 805 298 871 angitur,
318 809 359 865 ut,
374 802 475 855 beatae
486 804 561 854 ritae
572 802 687 867 obiitus,
701 802 832 853 miseram

26 880 110 942 itque
130 874 270 926 infelicem
292 872 486 924 consecteturt
507 871 641 925 Proiecto
661 872 734 924 enim
747 872 832 922 itast

26 940 170 1007 1111111111,
183 950 221 1005 ut,
237 943 290 993 nisi
301 942 399 992 mortis
411 942 572 1008 dolorisque
584 944 685 993 timore
695 942 832 993 liberatus

26 1018 75 1076 iit,
99 1016 184 1065 etiam
201 1012 345 1064 simultas
361 1013 488 1079 cognitas
499 1020 701 1079 perceptasque
712 1013 832 1061 virtutes

26 1085 139 1146 itabeat,
158 1091 318 1149 rectumque
335 1087 364 1133 et
380 1085 593 1149 aequumomni
613 1082 696 1149 piane
710 1079 833 1132 utilitati

26 1159 190 1220 anteponat,
211 1155 311 1205 beatus
331 1157 425 1205 tamen
443 1161 504 1204 esso
520 1167 602 1203 nemo
621 1152 720 1218 possit.
758 1148 833 1211 Quid

26 1224 100 1278 enim
112 1221 189 1274 aliud
201 1222 283 1273 dolor
293 1227 346 1283 est,
358 1222 412 1272 uisi
423 1223 565 1273 eruciatus
578 1222 671 1283 animi,
681 1222 760 1288 isque
771 1235 834 1287 per·

26 1292 143 1369 petauri
161 1292 227 1361 quid
238 1292 316 1343 aliud
326 1293 419 1355 timor,
429 1292 483 1343 nisi
493 1292 623 1343 assiduus
634 1291 787 1344 teristrum
798 1306 832 1341 ao

26 1362 206 1416 molestarum
226 1377 320 1414 rerum
341 1362 452 1413 metuat
471 1364 507 1413 At
524 1362 582 1428 ‘quo
597 1363 680 1413 modo
696 1361 764 1413 felix
782 1368 832 1411 11111

26 1432 124 1501 boatus
146 1445 207 1481 esse
227 1432 345 1496 poterit,
365 1434 412 1496 qui
428 1430 541 1482 assiduo
558 1433 685 1483 cruciatu
701 1439 832 1497 metuque

26 1499 188 1571 urgebituri
208 1499 280 1563 Quin
296 1514 329 1551 eo
346 1499 476 1551 miserior
491 1507 575 1567 atque
585 1501 726 1554 infelicior
735 1501 832 1554 existi·

26 1574 97 1627 mari
109 1570 204 1634 debet,
224 1569 299 1636 quod
312 1584 370 1619 11011
377 1569 466 1621 solum
477 1571 533 1621 sibi
544 1571 604 1638 ipsi.
611 1572 769 1623 molestiam
782 1572 832 1622 mi·

26 1641 182 1708 aeriamque
199 1639 385 1704 comparabit,
406 1640 454 1692 sed
472 1640 501 1691 in
512 1649 668 1694 ceterorum
680 1644 764 1694 etiam
776 1658 834 1694 sera
888 1697 889 1700 ,

26 1719 134 1766 monem
151 1726 184 1761 ae
199 1708 433 1775 vituperationem
450 1709 582 1763 incurret.
619 1711 698 1763 Nihil
708 1712 781 1764 euim
791 1713 832 1764 111·

26 1781 82 1837 mio
95 1781 193 1831 dolore
204 1779 370 1841 deformius,
392 1777 461 1829 1111111
471 1795 489 1830 a
501 1780 560 1832 viro
572 1781 699 1834 alienius.
731 1782 786 1844 Et,
806 1782 833 1832 si

26 1851 151 1917 eorporis
171 1848 356 1914 pravitatibus
371 1849 548 1915 vituperatio
557 1853 704 1917 proposita
717 1857 774 1913 est,
793 1852 832 1902 vi·

26 1922 72 1975 tiis
84 1920 162 1986 ipsis,
184 1918 284 1984 quibus
297 1919 407 1970 laborat
418 1919 536 1981 animus,
557 1919 627 1971 nihil
637 1921 831 1988 turpitudinis,

26 1988 94 2043 aihii
113 1990 242 2038 inuretur
256 1988 407 2038 infamiae‘t
427 1988 480 2039 iiia
495 2004 562 2041 vero
578 1997 607 2042 ot
618 1993 749 2057 graviora
759 1999 832 2053 sunt,

26 2067 53 2115 et
73 2057 173 2108 maiori
194 2056 434 2109 animadversione
445 2058 623 2123 vindicanda,
643 2073 697 2128 quo
713 2061 832 2111 nobilio·

26 2143 93 2187 rent,
105 2141 187 2194 quam
200 2135 300 2192 eorpus
312 2131 363 2188 est,
375 2126 478 2190 sedem,
489 2144 587 2196 nempe
598 2132 719 2182 animum
730 2130 831 2197 ipsum,

26 2202 240 2264 oecrrpaverunt.
276 2196 394 2257 Quodsi
406 2199 495 2265 turpis
508 2198 591 2251 dolor
602 2200 707 2250 nimius
718 2205 746 2252 et
760 2200 832 2249 ritu·

26 2268 170 2337 potatione
182 2267 288 2334 dignus,
312 2274 386 2318 certe
397 2267 469 2318 illud
480 2278 674 2336 consequetur,
685 2276 724 2332 ut,
736 2270 782 2335 qui
792 2269 832 2318 ni·

26 2338 82 2393 mio
94 2337 188 2389 dolori
198 2337 320 2402 seipsum
332 2337 437 2399 tradat,
459 2349 493 2388 tre
504 2338 586 2390 laude
598 2340 709 2406 quidem
721 2338 832 2390 111111111-
875 2369 878 2372 -

26 2422 95 2477 gnus
117 2411 272 2458 censeatur.
309 2407 361 2457 Est
372 2408 443 2461 enim
455 2408 543 2459 series
554 2409 699 2476 quaedam,
711 2409 832 2462 maxime

26 2476 138 2529 veritati
150 2483 383 2541 consentaneam
395 2478 606 2542 sententiarum,
618 2480 659 2531 sio
669 2495 774 2531 rerum:
794 2487 832 2540 et,
867 2531 869 2534 .

26 2545 260 2616 quemadmodum
280 2548 310 2599 in
330 2544 457 2601 stridone
477 2549 718 2616 disputationeque
736 2555 833 2601 nostra

26 2617 149 2670 nectitur
159 2616 234 2666 aliud
245 2631 280 2668 ex
292 2618 357 2681 aiio,
368 2618 410 2671 ita
419 2620 465 2687 qui
477 2633 509 2671 se
519 2634 573 2671 una
583 2617 677 2688 aliqua
687 2620 732 2672 rei
742 2618 833 2671 defos-

26 2686 183 2765 mitateuel
195 2688 370 2754 turpitudine
380 2689 521 2761 implicari
531 2692 650 2757 patitur,
670 2691 833 2752 1111111111-
