2084 3025
182 137 239 194 DE
257 137 513 196 SENEGTUTE
532 136 616 195 cte.
632 135 700 194 1.2
826 136 844 195 3

30 253 92 310 nes
103 244 289 309 edetimtes,
298 245 373 314 qued
383 245 408 297 is
417 252 475 299 tani
483 245 568 299 fenile
578 250 750 299 senectutem
762 243 844 307 teret,

32 316 124 386 iisque
136 331 200 369 eum
210 315 433 383 respondentem.
458 315 513 380 Qui
522 316 548 368 si
557 315 693 370 eruditius
703 315 845 369 videbitur
876 360 880 373 ,

33 388 195 455 disputare,
214 401 297 454 quem
307 387 453 439 consuevit
466 388 527 453 ipse
538 387 567 438 in
577 386 634 439 suis
646 387 739 438 libris:
763 385 843 438 nttri·

34 458 114 510 buitn
126 456 244 507 Graecis
259 456 376 520 litteris,
397 471 513 524 quarum
530 463 642 517 constet
655 472 718 511 eum
734 463 844 525 perstu-

32 526 149 581 dissum
167 525 253 577 fuisse
269 526 299 577 in
313 533 465 597 senectute.
501 525 557 579 Sed
570 527 636 594 quid
648 541 718 593 epus
730 532 773 579 est
784 527 844 594 plu·

29 597 80 649 ret
110 598 172 650 lans
189 596 263 647 enim
282 595 369 663 ipsius
385 596 500 648 Catonis
515 612 609 650 sermo
624 596 775 665 explicabit
796 612 845 649 eo·

31 672 123 723 strum
136 681 247 717 omnem
258 665 292 717 de
302 670 446 719 senectute
457 667 636 719 sententium.

38 786 40 789 .
84 737 121 790 ΙΙ.
138 734 167 788 4.
185 733 315 787 Sc1e1n.
328 735 539 803 Saepenumero
549 734 683 793 admirari
691 732 771 788 solen
782 748 846 789 eune

30 804 86 870 hoe
103 808 134 859 C.
145 805 246 859 Laelio
262 814 323 856 tum
338 812 493 859 ceterarum
511 821 603 857 renum
619 813 696 859 tunm
707 804 846 858 exeellen·

31 884 101 939 tem,
112 877 154 935 Μ.
166 877 245 938 cato,
254 873 464 943 perfectamque
474 875 650 942 sapientiem,
659 881 720 927 tum
731 874 776 927 vel
789 888 845 926 ms·

30 948 128 1011 xime„
139 946 214 1013 qued
229 960 380 1013 numquam
394 952 567 998 senectutem
584 946 638 998 tibi
658 960 772 1014 gravem
784 959 846 998 esse

31 1017 187 1089 senserinq
208 1030 279 1082 quae
295 1015 435 1084 plerisque
450 1017 563 1068 senibus
574 1017 615 1068 sie
626 1016 724 1070 odiosa
738 1021 794 1078 est,
812 1020 846 1067 ut

33 1102 109 1142 nnus
120 1103 151 1138 se
161 1087 251 1138 Aetna
260 1086 375 1154 gravius
387 1086 481 1138 dicent
491 1087 638 1141 sustinere.
665 1088 764 1139 Cius.
776 1085 846 1139 Reus

32 1155 112 1210 haud
124 1172 192 1207 sene
204 1155 355 1219 difficilem,
371 1155 464 1223 Scipio
475 1163 503 1209 et
513 1156 609 1220 Laeli,
628 1154 761 1210 admirari
771 1155 845 1209 vide·

32 1226 115 1282 nini.
152 1225 258 1289 Quibus
274 1228 346 1278 enim
362 1224 432 1277 nihil
447 1228 510 1293 opis
525 1233 568 1280 est
584 1229 614 1279 in
633 1227 702 1295 ipsis
716 1226 753 1281 ud
772 1226 844 1278 bene
881 1236 884 1242 '
921 1292 929 1299 .

32 1297 176 1364 beateque
186 1296 347 1361 vivendum,
366 1296 402 1347 iis
415 1297 504 1348 omnis
520 1298 614 1366 gravis
626 1302 670 1349 est
680 1302 773 1348 setus:
796 1297 846 1363 qui

31 1374 133 1428 nutem
145 1366 240 1417 omnin
249 1365 323 1418 bona
334 1382 351 1418 a
361 1383 392 1419 se
402 1366 472 1434 ipsis
484 1372 595 1435 petunt,
615 1366 651 1417 iis
666 1363 736 1417 nihil
749 1372 846 1432 potest

32 1436 143 1495 melum
155 1435 255 1499 videri,
266 1436 341 1506 quod
352 1443 468 1490 natume
479 1437 633 1489 necessitas
643 1434 751 1488 efferet.
781 1435 844 1496 Qun

33 1509 65 1566 iu
75 1522 179 1577 genere
191 1506 221 1557 in
231 1506 328 1574 primis
341 1515 384 1561 est
393 1512 535 1572 senectus3
556 1521 638 1575 quam
650 1512 681 1558 ut
690 1503 846 1570 adipiscen-

33 1583 320 1646 tiir‚ou1nesoptant;
332 1578 458 1630 eamdem
470 1582 603 1629 accusant
613 1575 755 1641 adeptam:
767 1579 848 1642 tants

35 1648 435 1712 estinconstantiastultitiee
451 1645 724 1717 etquepeinersitns.
760 1644 847 1695 Obse-

33 1734 113 1789 pere‚
135 1717 221 1781 aiunt,
243 1731 303 1770 eene
316 1718 408 1782 citius,
429 1732 512 1785 quani
524 1722 680 1783 putassent.
715 1713 848 1774 Primum,

35 1789 100 1858 quis
115 1786 219 1856 coegit
231 1802 279 1840 eos
298 1786 400 1839 falsum
420 1786 539 1855 putaret
561 1785 636 1849 Quid
651 1784 742 1837 enimi
763 1783 847 1836 eitius

37 1858 248 1912 adolescentiae
258 1863 396 1920 senectus,
417 1872 498 1924 quam
509 1857 647 1924 pueritiae
657 1853 849 1908 adolescentie

36 1917 166 1995 ubrepiti
183 1926 302 1989 Deinde,
313 1933 360 1996 qut
371 1927 462 1980 minus
472 1926 567 1995 gravis
579 1933 653 1980 esset
664 1926 700 1977 iis
710 1930 848 1988 senectus,

36 1999 63 2050 si
74 1997 336 2048 octinffentesimuni
351 2013 452 2050 annum
467 2002 596 2065 egerent,
617 2011 699 2064 quem
711 1994 848 2062 octogesi-

35 2066 131 2126 ,munit
150 2036 391 2119 firaeteritnenim
404 2073 493 2130 aetus,
513 2067 638 2134 qisnmvis
649 2066 742 2133 longe,
764 2077 847 2134 quum

36 2135 202 2198 effluxisset,
213 2136 291 2189 nulla
300 2137 491 2189 consolatione
498 2133 848 2203 permulcerepossetstui·

38 2212 290 2259 temseneetutem.
326 2206 352 2259 5.
372 2207 511 2270 Quocirca
530 2207 556 2257 si
573 2205 739 2272 sapientiem
755 2217 845 2256 meum

38 2273 176 2328 ndmirari
186 2275 298 2339 soletis,
320 2280 407 2343 (quse
419 2276 525 2327 utinam
537 2275 565 2327 di
585 2292 622 2327 nn
631 2281 705 2328 esset
716 2274 848 2341 opinione

38 2350 136 2397 vestra
146 2350 298 2414 nostroque
310 2346 504 2416 cognominei)
525 2348 554 2397 in
566 2292 623 2398 {ne
633 2361 729 2397 sumus
740 2342 848 2409 snpien-

39 2421 91 2475 tes.-
102 2413 180 2483 quod
191 2423 318 2467 naturam
329 2418 465 2483 optimam
477 2416 585 2480 ducem,
596 2423 738 2482 umquam
747 2412 848 2467 Deum·

39 2499 70 2538 se
89 2488 192 2547 nimus,
213 2486 292 2553 eique
305 2502 445 2554 paremus:
467 2502 561 2554 equa,
579 2480 848 2538 nonversimiieest‚

36 2552 124 2621 [quum
137 2562 247 2618 ceterae
258 2563 353 2622 partes
365 2558 468 2609 aetatis
478 2558 549 2609 bene
561 2555 718 2620 descriptae
729 2551 793 2610 sint,
803 2562 849 2599 ex·

36 2628 160 2680 tremum
172 2631 273 2688 actum,
288 2632 428 2694 tamquam
440 2628 474 2678 ab
486 2626 572 2678 inerti
581 2630 672 2692 poete,
684 2635 744 2673 esse
755 2617 848 2684 negiu·

37 2698 123 2745 etuin
134 2692 190 2746 Sed
200 2700 294 2747 tamen
303 2711 416 2750 neeesse
426 2696 492 2766 fuit,¹
502 2710 564 2748 esse
575 2690 683 2814 ekiq²uid
694 2695 847 2743 extremum
