2084 3025
154 183 159 190 .
192 131 248 186 224
339 100 341 107 ’
418 130 474 186 nn
494 130 784 187 nivrnnrrona

194 252 229 289 ne
244 240 356 306 poterat
369 234 618 289 Deushonrinihus
636 237 813 303 disciplinata
827 237 1005 306 superloree

194 308 257 361 loco
273 307 401 358 traderel
420 305 451 358 Si
466 313 560 358 autem
575 305 659 359 homo
675 307 724 359 ille
740 309 835 374 Tages
849 309 916 372 rua,
937 326 1023 381 quor

194 392 257 428 nam
269 376 352 427 modo
365 377 458 443 potuit
468 383 546 428 terra
555 391 701 443 oppressus
712 378 823 429 rivaret
834 379 911 430 Unde
917 394 1004 444 porro

115 489 116 493 ,
193 447 245 497 illa
255 445 358 511 potnit,
379 461 449 513 quae
462 446 678 510 docebatalios,
698 447 759 513 ipse
774 447 924 500 didicisse?
947 447 1006 505 Sed

156 555 160 562 .
195 530 248 584 ego
258 515 440 581 insipientior,
457 528 539 582 quam
550 516 594 566 illi
603 517 667 582 ipsi,
686 517 734 583 qui
744 517 801 569 ista
812 517 939 579 credunt,
955 518 1006 584 qui

195 585 306 654 quidem
318 592 415 636 contra
425 601 473 636 eos
481 585 600 641 tamdiu
611 586 756 653 disputem.
792 585 893 638 XXlV.
913 584 1004 640 Vetus

195 662 289 708 autem
300 654 373 706 illud
386 656 501 706 Catonis
512 655 662 707 admodum
672 657 773 708 scitum
785 661 836 717 est,
847 656 894 722 qui
904 656 1005 723 mirari

182 740 225 777 ¹se
246 723 354 787 aiebat,
376 724 451 793 quod
470 741 525 776 non
547 726 652 777 rideret
671 724 809 792 haruspex
827 724 1005 792 haruspicem

59 822 62 829 ,
115 820 117 825 ⁴
195 810 279 865 quum
295 793 418 848 vidisset.
454 794 498 848 52.
518 795 612 856 Quota
628 796 700 846 enim
716 811 844 862 quaeque
853 811 898 847 res
910 788 1006 851 evenit

193 864 340 933 praedicta
354 864 389 916 ab
404 864 483 916 istisl
503 871 553 915 aut
562 866 587 915 si
599 867 691 916 evenit
702 866 859 933 quippiam,
880 865 949 932 quid
963 864 1005 917 af·

98 944 102 951 ‘
136 938 141 943 '
194 935 265 986 ferri
274 941 382 1000 potest,
404 950 452 985 cur
468 950 523 985 non
534 950 599 985 casu
609 935 638 985 id
649 935 791 993 evenerit?
810 936 870 987 Rex
879 935 1005 998 Prusias,

132 1003 135 1007 ’
195 1020 279 1072 quum
290 1003 444 1055 Hannibali
459 1003 533 1070 apud
548 1020 610 1055 earn
622 1004 764 1056 exsulanti
779 1003 935 1072 depugnari
946 1004 1006 1071 pla·

97 1072 103 1091 ¹
196 1080 279 1136 ccret,
292 1075 412 1139 negabat
423 1089 453 1124 se
464 1073 577 1136 audere,
594 1074 668 1141 quod
680 1081 745 1126 exta
755 1074 944 1142 prohiberent.
963 1076 1007 1127 Aa

193 1150 235 1204 tu,
245 1143 344 1208 inquit,
361 1142 526 1194 carunculae
536 1144 672 1195 vitulinae
682 1147 780 1208 mavis,
792 1160 874 1212 quam
884 1146 1007 1212 Impera·

193 1212 253 1265 tori
262 1212 353 1262 reteri
362 1211 493 1263 crederet
513 1212 604 1274 Quid?
618 1214 678 1280 ipse
687 1214 798 1277 Caesar,
809 1230 893 1282 quum
902 1229 921 1265 a
931 1230 1006 1267 sum·

191 1297 240 1348 ‚mo
251 1279 398 1346 haruspice
410 1289 579 1344 moneretur,
589 1299 624 1334 ne
635 1284 663 1334 in
668 1283 790 1337 Africam
800 1291 866 1336 ante
875 1285 1007 1337 brumam

140 1352 145 1359 '
194 1350 413 1412 transmitteret,
433 1366 524 1403 nonne
545 1354 717 1404 transmisitl
738 1354 820 1416 Quod
836 1354 867 1406 ni
880 1354 1024 1417 fecisset„

194 1436 250 1473 uno
267 1421 296 1471 in
311 1419 374 1471 loco
391 1435 486 1471 omnes
506 1422 729 1481 adversariorum
746 1425 844 1491 copiae
861 1423 1006 1476 convenis·

196 1497 266 1545 sent.
297 1489 370 1558 Quid
382 1505 434 1558 ego
447 1488 624 1558 haruspicum
635 1508 768 1560 responsa
779 1508 1006 1553 commemorem,

196 1566 324 1630 (possum
336 1561 464 1630 equidem
475 1561 698 1628 innumerabilia)
711 1571 842 1632 quaeant
851 1564 946 1640 nullos
956 1561 1007 1615 ha·

193 1630 314 1689 buerunt
325 1631 426 1693 exitus,
438 1637 486 1682 aut
497 1632 672 1692 contrariosl
699 1633 742 1686 53.
756 1633 907 1690 Hocvcirili
916 1634 1007 1697 bello,

193 1701 244 1753 Dii
259 1700 443 1752 immortales!
465 1716 547 1767 quam
568 1702 658 1753 niulta
675 1701 815 1760 luserunt!
834 1719 906 1770 quae
922 1704 1006 1758 nohis

192 1771 223 1824 in
234 1769 380 1823 Graeciam
392 1770 481 1822 Roma
490 1786 625 1838 responsa
640 1770 817 1840 haruspicum
827 1771 913 1824 missa
924 1774 1005 1825 sunt!

194 1854 265 1909 quae
282 1839 515 1907 dictal'ompeio!
536 1842 648 1892 Etenim
664 1842 715 1894 ille
727 1842 876 1894 admodum
888 1844 965 1896 extis
976 1849 1007 1896 et

194 1911 311 1962 ostentis
322 1911 494 1962 movebatur.
531 1910 595 1963 Non
609 1910 687 1963 lubet
699 1915 931 1975 commemorare,
951 1928 1007 1965 nee

192 1995 259 2032 rero
271 1994 384 2032 necesse
395 1986 446 2043 est,
458 1980 510 2031 tibi
521 1981 696 2047 pracsertim,
707 1982 754 2048 qui
767 1979 930 2034 interfuisti.
953 1981 1006 2033 Vi·

102 2093 109 2108 x
194 2049 243 2101 des
254 2055 356 2113 tamen,
366 2050 458 2100 omnia
469 2049 528 2102 fere
540 2056 645 2115 contra,
657 2067 690 2102 ac
700 2051 777 2103 dicta
787 2052 853 2114 sint,
865 2052 1005 2105 evenisse.

193 2117 282 2171 XXV.
295 2117 344 2176 ¹54.
363 2117 418 2170 Sed
433 2117 502 2170 haec
518 2119 660 2173 hactenus.
696 2121 777 2173 Nunc
789 2121 1006 2174 adostentave·

193 2190 311 2241 niamus.
347 2187 439 2239 Multa
453 2203 497 2241 me
509 2190 628 2242 Consule
645 2205 720 2243 ame
734 2192 796 2258 ipso
814 2191 922 2258 scripta
931 2191 1005 2244 reei-

114 2277 119 2284 *
192 2257 273 2318 tasth
294 2257 384 2308 multa
399 2264 464 2310 ante
473 2258 625 2310 Marsicum
639 2259 743 2312 bellum
759 2259 906 2314 aSisenna
917 2262 1004 2315 collo·

192 2334 239 2380 cta
254 2326 389 2377 attulisti:
409 2329 498 2381 multa
513 2335 578 2380 ante
594 2328 881 2390 Lacedaemoniorum
896 2332 1003 2384 malam

165 2432 167 2436 .
191 2394 359 2465 pugnam‘in
369 2396 498 2450 Leuctris
513 2397 709 2451 acallisthenc
725 2409 947 2454 commemorata
961 2402 1004 2454 di·

191 2465 269 2520 xisti.
304 2465 348 2519 De
360 2468 462 2533 quihus
474 2469 563 2520 dicam
575 2469 701 2535 equidem
713 2469 839 2538 singulis,
860 2470 954 2538 quoad
963 2472 1005 2523 ri·

194 2534 318 2589 debitur:
340 2537 390 2589 sed
399 2538 546 2590 dicendum
559 2538 645 2589 etiarn
657 2545 702 2590 est
710 2538 744 2590 do
755 2540 903 2594 universis.
924 2541 1006 2604 auae

195 2610 238 2657 est
258 2607 331 2657 enim
346 2606 402 2662 ista
416 2624 434 2659 a
448 2606 511 2657 Diis
527 2607 653 2672 profecta
672 2609 854 2676 significatio,
874 2618 904 2663 et
920 2613 1006 2681 quasi

148 2727 152 2734 s
194 2671 367 2730 denuntiatio
378 2676 568 2732 calamitatum
575 2675 594 2727 t
606 2677 681 2745 Quid
692 2684 786 2735 autem
796 2679 897 2744 volunt
907 2697 944 2747 ea
952 2682 1003 2737 Dii
