2084 3025
174 101 209 154 12
289 108 292 114 ¹
351 65 409 151 aa
426 97 598 172 aarum
614 61 796 151 anorum

155 199 158 204 ’
174 205 238 255 dam
250 202 286 255 als
298 202 411 254 infinito
420 207 547 268 tempore
558 203 719 269 ementitas,
729 218 817 269 quam·
823 200 903 253 nulla
911 208 987 253 tern-

172 289 273 342 porum
280 271 502 337 circumscriptio
509 273 787 338 metiebatur,‚spatio
797 278 901 334 tamea,
912 286 986 338 qua·

174 341 212 395 lis
223 341 363 403 caluerit,
383 340 504 406 intelligi
514 356 568 391 non
579 348 686 407 potest:
706 341 985 409 quodneineogita·

173 413 281 465 tionem
292 410 403 477 quidem
415 409 501 472 cadit,
519 416 551 461 ut
559 409 644 462 fuerit
655 417 765 477 tempus
776 409 899 478 aliquod,
920 410 990 461 nai-
1029 465 1030 468 ,

173 483 232 535 lum
244 495 326 547 quum
337 488 447 546 tempus
457 485 541 532 esset.
557 482 602 531 22
612 480 669 531 lsto
679 480 767 547 igitur
776 487 835 532 tam
845 480 986 531 immenso

173 550 267 618 spatio
282 563 394 617 quaero,
404 548 507 611 Balbe,
524 564 573 600 cur
582 549 709 602 Pronoea
718 556 812 601 restra
821 548 987 606 cessaverit.

26 606 29 618 ¹
93 621 96 625 ’
176 620 351 674 Laboremae
361 617 513 687 fugiebatl.
528 620 564 670 At
572 619 627 670 iste
636 635 688 671 uec
698 620 813 687 attingit
822 618 921 682 Deum,
931 632 989 669 neo

176 696 238 744 strat
248 688 337 751 ullus,
357 704 440 756 quum
453 689 673 741 omnesnaturae
683 690 787 742 nunrini
798 688 902 751 divino,
922 703 988 739 cae·

175 757 243 822 lum,
252 759 345 825 ignes,
352 763 453 820 terrae,
463 757 553 810 arama
563 765 703 826 parerent.
720 758 795 820 Quid
807 763 900 810 autem
911 762 988 821 erat,

177 827 251 897 quod
259 826 470 894 ‘concupisceret
480 826 571 889 Deus,
588 827 721 880 mundum
736 829 822 895 signis
833 832 862 879 et
872 825 989 878 lumini·

176 897 238 961 lius,
252 903 393 964 tamquam
404 896 520 959 Aedilis,
529 897 649 949 ‘ornaret
666 896 713 961 δὴ
727 903 759 947 ut
769 898 846 948 Deus
856 896 989 961 ipseme-

157 997 163 1010 ι
176 968 232 1022 lius
242 965 400 1019 habitaret?
409 972 496 1020 >antea
505 966 637 1017 videlicet
645 973 771 1032 tempore
782 965 893 1016 infinito
903 964 933 1015 in
945 969 989 1016 to·
1029 1025 1030 1028 Ἴ

178 1038 281 1099 nebris,
292 1043 434 1103 tamquam
444 1035 476 1086 in
488 1036 644 1104 gurgustio,
654 1034 838 1092 habitaverat.
856 1033 925 1085 Post
937 1049 989 1085 au-

177 1113 235 1159 tem
244 1101 417 1178 varietatene
428 1120 491 1158 eum
503 1104 639 1160 delectari
648 1111 793 1172 putamus,
812 1119 867 1170 qua
877 1102 990 1154 caelum

179 1181 307 1230 otterras
316 1180 469 1228 exornatas
478 1174 622 1238 videmust
658 1174 737 1235 Quae
752 1175 808 1225 ista
819 1178 913 1239 potest
923 1186 992 1225 esso

179 1245 333 1312 oblectatio
344 1242 424 1296 Deol
446 1243 524 1305 Quae
534 1244 559 1294 si
569 1250 652 1305 esset,
662 1259 718 1295 noa
728 1260 763 1296 ea
771 1242 879 1294 tamdiu
889 1255 991 1295 carere

179 1315 327 1383 potuisset
336 1310 511 1376 23.Anhaee,
521 1318 553 1364 ut
563 1309 991 1376 feredieitis,horninumcaussa

179 1387 268 1437 aDeo
280 1382 526 1435 constituta'sunti
553 1380 769 1449 Sapientumne‘l
789 1389 904 1450 propter
919 1396 991 1447 pau·

113 1463 116 1464 ’
180 1468 228 1508 cos
238 1454 327 1521 igitur
336 1458 415 1507 tauta
427 1458 470 1504 est
485 1452 670 1507 facturorum
680 1453 800 1504 molitio.
836 1454 878 1505 An
887 1450 992 1502 stulto·

179 1524 259 1576 rami
272 1529 302 1575 at
312 1523 431 1589 primum
438 1537 542 1577 ‚canusa
551 1537 607 1576 nou
618 1522 681 1587 fuit,
692 1538 742 1577 cur
752 1522 787 1574 de
797 1521 932 1588 improbis
940 1521 992 1573 be-

180 1610 215 1661 ne
236 1597 399 1647 arereretur.
443 1592 554 1646 Deinde
571 1593 639 1659 quid
659 1600 703 1647 cst
722 1598 879 1653 asseemus,
902 1605 990 1661 quum

181 1679 278 1716 minos
288 1663 367 1715 stulti
378 1663 433 1715 sint
444 1663 503 1715 siae
513 1662 599 1714 dubio
609 1664 771 1727 miserrimi;
781 1663 901 1712 maxime
913 1658 991 1727 quod

94 1750 100 1756 “
180 1730 263 1786 stulti
277 1739 354 1785 sunt:
377 1733 508 1796 miserius
524 1732 598 1783 enim
619 1732 742 1781 stultitia
757 1730 822 1794 qnid
840 1744 991 1793 possumus

181 1802 294 1857 diceret
314 1799 425 1864 deinde,
444 1801 519 1869 quod
532 1801 576 1852 ita
588 1800 679 1853 multa
692 1803 757 1848 sunt
771 1794 947 1848 incommoda
958 1799 991 1853 ia

179 1875 249 1936 alta,
258 1878 290 1924 ut
299 1887 333 1924 ea
343 1872 483 1940 sapientes
493 1867 702 1922 commodorum
712 1866 938 1933 compensatione
948 1865 992 1920 lc·

178 1944 269 2005 aiant,
287 1940 369 2004 stulti
382 1957 434 1992 nee
446 1941 538 1992 vitare
549 1936 692 1989 venientia
707 1937 829 2003 possint,
850 1951 902 1988 nec
910 1934 990 1989 'ferra

179 2014 348 2082 praesentia.
375 2010 411 2062 X.
429 2010 485 2070 Qui
494 2021 561 2060 vero
573 2005 704 2057 mundum
715 2008 806 2073 ipsum
818 2006 989 2059 animantem

179 2083 389 2150 sapientemque
404 2094 465 2131 esse
480 2075 624 2139 dixerunt,
646 2076 725 2127 nullo
735 2077 819 2128 modo
833 2071 989 2145 videlrunt]

180 2151 267 2204 samri
281 2148 449 2203 naturam**
466 2145 666 2211 intelligentes,
680 2147 711 2197 in
720 2161 802 2212 quarn
814 2146 932 2212 figuram
944 2161 990 2197 ca·

181 2221 247 2274 dere
257 2225 365 2286 posset:
382 2217 480 2283 dequo
493 2213 585 2266 dicam
596 2215 726 2282 equidem
735 2216 830 2282 paullo
842 2222 915 2282 post.
942 2215 989 2268 24.

180 2291 261 2344 lllune
276 2282 518 2339 autemlractenus
533 2283 692 2337 admirabor
702 2300 798 2337 eorum
814 2285 989 2347 tarditatem,

180 2360 226 2428 qui
238 2357 414 2414 animantem,
425 2354 624 2418 immortalem,
636 2362 664 2406 et
674 2355 802 2408 eumdem
812 2356 933 2416 beatum,
942 2368 989 2404 ro·

179 2427 294 2485 tandum
307 2438 368 2474 esso
383 2423 484 2485 velint,
503 2422 577 2489 quod
588 2440 622 2475 ea
632 2424 723 2477 forma
733 2424 821 2475 ullam
832 2430 915 2491 neget
927 2429 989 2474 esso

122 2503 125 2508 “
180 2493 366 2564 pulchriorem
382 2491 472 2545 Plato.
508 2494 545 2544 nt
560 2493 629 2544 milri
645 2494 690 2546 vel
707 2493 844 2561 cylindri,
861 2493 906 2545 rel
923 2506 989 2559 qua·

180 2563 262 2625 drati,
273 2560 319 2613 rel
330 2563 401 2623 coni,
412 2562 458 2614 vel
469 2563 625 2630 pyramidis
633 2564 745 2615 videtur
756 2578 817 2614 csse
827 2562 988 2614 formosior.

180 2633 259 2699 Quae
273 2644 340 2685 vero
354 2631 486 2686 tribuitur
499 2633 561 2685 vita
573 2633 624 2687 isti
633 2633 755 2686 rotundo
765 2631 846 2686 Deot
882 2631 988 2700 Nempe
