<?xml version="1.0" encoding="UTF-8"?>
<!DOCTYPE html PUBLIC "-//W3C//DTD XHTML 1.0 Transitional//EN"
    "http://www.w3.org/TR/xhtml1/DTD/xhtml1-transitional.dtd">
<html xmlns="http://www.w3.org/1999/xhtml" xml:lang="en" lang="en">
 <head>
  <title>
</title>
<meta http-equiv="Content-Type" content="text/html;charset=utf-8" />
  <meta name='ocr-system' content='tesseract 3.04.00' />
  <meta name='ocr-capabilities' content='ocr_page ocr_carea ocr_par ocr_line ocrx_word'/>
</head>
<body>
  <div class='ocr_page' id='page_1' title='image "./opera00nobbgoog_0322.png"; bbox 0 0 2084 3025; ppageno 0'>
   <div class='ocr_carea' id='block_1_1' title="bbox 175 107 791 207">
    <p class='ocr_par' dir='ltr' id='par_1_1' title="bbox 175 107 791 207">
     <span class='ocr_line' id='line_1_1' title="bbox 175 107 791 207; baseline -0.002 -1"><span class='ocrx_word' id='word_1_1' title='bbox 175 107 260 206; x_wconf 61' lang='lat' dir='ltr'><strong>x214</strong></span> <span class='ocrx_word' id='word_1_2' title='bbox 420 108 791 207; x_wconf 77' lang='lat' dir='ltr'><strong>nir-nivrusrrouu</strong></span> 
     </span>
    </p>
   </div>
   <div class='ocr_carea' id='block_1_2' title="bbox 188 253 1029 2351">
    <p class='ocr_par' dir='ltr' id='par_1_2' title="bbox 208 253 1016 730">
     <span class='ocr_line' id='line_1_2' title="bbox 208 253 1012 322; baseline -0.004 -11"><span class='ocrx_word' id='word_1_3' title='bbox 208 258 286 311; x_wconf 84' lang='lat' dir='ltr'><strong>nulia</strong></span> <span class='ocrx_word' id='word_1_4' title='bbox 295 263 348 311; x_wconf 80' lang='lat' dir='ltr'><strong>est.</strong></span> <span class='ocrx_word' id='word_1_5' title='bbox 385 256 433 310; x_wconf 82' lang='lat' dir='ltr'><strong>Sin</strong></span> <span class='ocrx_word' id='word_1_6' title='bbox 444 257 654 313; x_wconf 81' lang='lat' dir='ltr'><strong>autemidcireo</strong></span> <span class='ocrx_word' id='word_1_7' title='bbox 666 261 782 322; x_wconf 76' lang='lat' dir='ltr'><strong>possunt</strong></span> <span class='ocrx_word' id='word_1_8' title='bbox 790 253 939 322; x_wconf 75' lang='lat' dir='ltr'><strong>prouideri,</strong></span> <span class='ocrx_word' id='word_1_9' title='bbox 947 256 1012 321; x_wconf 74' lang='lat' dir='ltr'><strong>quin</strong></span> 
     </span>
     <span class='ocr_line' id='line_1_3' title="bbox 209 325 1013 382; baseline -0.006 0"><span class='ocrx_word' id='word_1_10' title='bbox 209 336 287 382; x_wconf 84' lang='lat' dir='ltr'><strong>certa</strong></span> <span class='ocrx_word' id='word_1_11' title='bbox 298 333 361 379; x_wconf 88' lang='lat' dir='ltr'><strong>sunt</strong></span> <span class='ocrx_word' id='word_1_12' title='bbox 369 334 401 379; x_wconf 80' lang='lat' dir='ltr'><strong>-et</strong></span> <span class='ocrx_word' id='word_1_13' title='bbox 413 327 527 381; x_wconf 79' lang='lat' dir='ltr'><strong>fatalia:</strong></span> <span class='ocrx_word' id='word_1_14' title='bbox 540 343 635 378; x_wconf 87' lang='lat' dir='ltr'><strong>rursus</strong></span> <span class='ocrx_word' id='word_1_15' title='bbox 646 326 782 378; x_wconf 75' lang='lat' dir='ltr'><strong>divinatio</strong></span> <span class='ocrx_word' id='word_1_16' title='bbox 792 325 871 377; x_wconf 84' lang='lat' dir='ltr'><strong>nulla</strong></span> <span class='ocrx_word' id='word_1_17' title='bbox 883 331 933 377; x_wconf 83' lang='lat' dir='ltr'><strong>est.</strong></span> <span class='ocrx_word' id='word_1_18' title='bbox 945 327 1013 378; x_wconf 80' lang='lat' dir='ltr'><strong>Eam</strong></span> 
     </span>
     <span class='ocr_line' id='line_1_4' title="bbox 209 393 1015 453; baseline -0.005 -1"><span class='ocrx_word' id='word_1_19' title='bbox 209 401 283 452; x_wconf 90' lang='lat' dir='ltr'><strong>enim</strong></span> <span class='ocrx_word' id='word_1_20' title='bbox 298 403 329 448; x_wconf 87' lang='lat' dir='ltr'><strong>tu</strong></span> <span class='ocrx_word' id='word_1_21' title='bbox 337 396 524 453; x_wconf 74' lang='lat' dir='ltr'><strong>fortuitarum</strong></span> <span class='ocrx_word' id='word_1_22' title='bbox 535 412 638 452; x_wconf 83' lang='lat' dir='ltr'><strong>rerum</strong></span> <span class='ocrx_word' id='word_1_23' title='bbox 652 413 720 449; x_wconf 81' lang='lat' dir='ltr'><strong>esse</strong></span> <span class='ocrx_word' id='word_1_24' title='bbox 742 395 863 449; x_wconf 65' lang='lat' dir='ltr'><strong>dicebasu</strong></span> <span class='ocrx_word' id='word_1_25' title='bbox 894 395 940 448; x_wconf 82' lang='lat' dir='ltr'><strong>2u</strong></span> <span class='ocrx_word' id='word_1_26' title='bbox 955 393 1015 448; x_wconf 84' lang='lat' dir='ltr'><strong>Sed</strong></span> 
     </span>
     <span class='ocr_line' id='line_1_5' title="bbox 210 466 1016 534; baseline -0.011 -13"><span class='ocrx_word' id='word_1_27' title='bbox 210 469 279 521; x_wconf 83' lang='lat' dir='ltr'><strong>haec</strong></span> <span class='ocrx_word' id='word_1_28' title='bbox 296 467 380 520; x_wconf 82' lang='lat' dir='ltr'><strong>fuerit</strong></span> <span class='ocrx_word' id='word_1_29' title='bbox 401 469 479 520; x_wconf 89' lang='lat' dir='ltr'><strong>nobis</strong></span> <span class='ocrx_word' id='word_1_30' title='bbox 499 475 641 534; x_wconf 83' lang='lat' dir='ltr'><strong>tamquam</strong></span> <span class='ocrx_word' id='word_1_31' title='bbox 662 467 734 518; x_wconf 69' lang='lat' dir='ltr'><strong>lctis</strong></span> <span class='ocrx_word' id='word_1_32' title='bbox 747 472 907 519; x_wconf 86' lang='lat' dir='ltr'><strong>armaturae</strong></span> <span class='ocrx_word' id='word_1_33' title='bbox 926 466 1016 531; x_wconf 83' lang='lat' dir='ltr'><strong>primu</strong></span> 
     </span>
     <span class='ocr_line' id='line_1_6' title="bbox 211 535 1016 607; baseline -0.003 -17"><span class='ocrx_word' id='word_1_34' title='bbox 211 537 351 591; x_wconf 83' lang='lat' dir='ltr'><strong>orationis</strong></span> <span class='ocrx_word' id='word_1_35' title='bbox 359 539 501 590; x_wconf 76' lang='lat' dir='ltr'><strong>excursio:</strong></span> <span class='ocrx_word' id='word_1_36' title='bbox 524 554 597 589; x_wconf 88' lang='lat' dir='ltr'><strong>nunc</strong></span> <span class='ocrx_word' id='word_1_37' title='bbox 607 538 731 591; x_wconf 85' lang='lat' dir='ltr'><strong>eominus</strong></span> <span class='ocrx_word' id='word_1_38' title='bbox 739 551 870 607; x_wconf 81' lang='lat' dir='ltr'><strong>agamus,</strong></span> <span class='ocrx_word' id='word_1_39' title='bbox 892 535 1016 600; x_wconf 73' lang='lat' dir='ltr'><strong>experia-</strong></span> 
     </span>
     <span class='ocr_line' id='line_1_7' title="bbox 211 604 1016 690; baseline -0.003 -30"><span class='ocrx_word' id='word_1_40' title='bbox 211 623 339 690; x_wconf 82' lang='lat' dir='ltr'><strong>murque,</strong></span> <span class='ocrx_word' id='word_1_41' title='bbox 361 609 386 661; x_wconf 90' lang='lat' dir='ltr'><strong>si</strong></span> <span class='ocrx_word' id='word_1_42' title='bbox 391 608 538 679; x_wconf 87' lang='lat' dir='ltr'><strong>possimus</strong></span> <span class='ocrx_word' id='word_1_43' title='bbox 552 623 655 659; x_wconf 87' lang='lat' dir='ltr'><strong>cornua</strong></span> <span class='ocrx_word' id='word_1_44' title='bbox 666 621 842 658; x_wconf 79' lang='lat' dir='ltr'><strong>commouere</strong></span> <span class='ocrx_word' id='word_1_45' title='bbox 853 604 1016 674; x_wconf 68' lang='lat' dir='ltr'><strong>dispunctio·</strong></span> 
     </span>
     <span class='ocr_line' id='line_1_8' title="bbox 210 679 339 731; baseline -0.008 -1"><span class='ocrx_word' id='word_1_46' title='bbox 210 679 339 731; x_wconf 84' lang='lat' dir='ltr'><strong>uistuae</strong></span> 
     </span>
    </p>

    <p class='ocr_par' dir='ltr' id='par_1_3' title="bbox 211 724 1017 1024">
     <span class='ocr_line' id='line_1_9' title="bbox 263 724 1016 816; baseline -0.005 -15"><span class='ocrx_word' id='word_1_47' title='bbox 263 747 312 801; x_wconf 91' lang='lat' dir='ltr'><strong>XI</strong></span> <span class='ocrx_word' id='word_1_48' title='bbox 338 747 403 802; x_wconf 85' lang='lat' dir='ltr'><strong>Duc</strong></span> <span class='ocrx_word' id='word_1_49' title='bbox 424 748 496 802; x_wconf 87' lang='lat' dir='ltr'><strong>enim</strong></span> <span class='ocrx_word' id='word_1_50' title='bbox 514 762 636 816; x_wconf 79' lang='lat' dir='ltr'><strong>genera</strong></span> <span class='ocrx_word' id='word_1_51' title='bbox 634 724 788 798; x_wconf 70' lang='lat' dir='ltr'><strong>diuinandi</strong></span> <span class='ocrx_word' id='word_1_52' title='bbox 815 760 876 797; x_wconf 85' lang='lat' dir='ltr'><strong>esse</strong></span> <span class='ocrx_word' id='word_1_53' title='bbox 895 743 1016 809; x_wconf 80' lang='lat' dir='ltr'><strong>dicebas,</strong></span> 
     </span>
     <span class='ocr_line' id='line_1_10' title="bbox 211 804 1017 881; baseline -0.005 -12"><span class='ocrx_word' id='word_1_54' title='bbox 211 833 296 869; x_wconf 91' lang='lat' dir='ltr'><strong>unum</strong></span> <span class='ocrx_word' id='word_1_55' title='bbox 308 819 504 881; x_wconf 78' lang='lat' dir='ltr'><strong>artificiosum,</strong></span> <span class='ocrx_word' id='word_1_56' title='bbox 522 818 641 871; x_wconf 85' lang='lat' dir='ltr'><strong>alterum</strong></span> <span class='ocrx_word' id='word_1_57' title='bbox 654 804 791 868; x_wconf 84' lang='lat' dir='ltr'><strong>nuturale.</strong></span> <span class='ocrx_word' id='word_1_58' title='bbox 827 814 1017 867; x_wconf 75' lang='lat' dir='ltr'><strong>Artificiosum</strong></span> 
     </span>
     <span class='ocr_line' id='line_1_11' title="bbox 213 884 1017 954; baseline -0.005 -14"><span class='ocrx_word' id='word_1_59' title='bbox 213 894 340 941; x_wconf 74' lang='lat' dir='ltr'><strong>constare</strong></span> <span class='ocrx_word' id='word_1_60' title='bbox 351 890 454 954; x_wconf 85' lang='lat' dir='ltr'><strong>partim</strong></span> <span class='ocrx_word' id='word_1_61' title='bbox 466 903 502 939; x_wconf 84' lang='lat' dir='ltr'><strong>ex</strong></span> <span class='ocrx_word' id='word_1_62' title='bbox 513 889 682 949; x_wconf 82' lang='lat' dir='ltr'><strong>coniectura,</strong></span> <span class='ocrx_word' id='word_1_63' title='bbox 693 887 841 953; x_wconf 83' lang='lat' dir='ltr'><strong>partimex</strong></span> <span class='ocrx_word' id='word_1_64' title='bbox 847 884 1017 937; x_wconf 81' lang='lat' dir='ltr'><strong>observatio·</strong></span> 
     </span>
     <span class='ocr_line' id='line_1_12' title="bbox 212 954 1018 1024; baseline -0.001 -14"><span class='ocrx_word' id='word_1_65' title='bbox 212 975 247 1011; x_wconf 90' lang='lat' dir='ltr'><strong>nc</strong></span> <span class='ocrx_word' id='word_1_66' title='bbox 258 954 401 1013; x_wconf 79' lang='grc' dir='ltr'>ιιιιιιιιιιιιιι</span> <span class='ocrx_word' id='word_1_67' title='bbox 412 958 550 1020; x_wconf 81' lang='lat' dir='ltr'><strong>naturale,</strong></span> <span class='ocrx_word' id='word_1_68' title='bbox 563 957 756 1024; x_wconf 77' lang='lat' dir='ltr'><strong>quodanimus</strong></span> <span class='ocrx_word' id='word_1_69' title='bbox 766 956 904 1022; x_wconf 71' lang='lat' dir='ltr'><strong>mtiperet</strong></span> <span class='ocrx_word' id='word_1_70' title='bbox 913 960 970 1006; x_wconf 76' lang='lat' dir='ltr'><strong>aut</strong></span> <span class='ocrx_word' id='word_1_71' title='bbox 972 970 1018 1009; x_wconf 81' lang='lat' dir='ltr'><strong>ex·</strong></span> 
     </span>
    </p>

    <p class='ocr_par' dir='ltr' id='par_1_4' title="bbox 188 1025 1018 1094">
     <span class='ocr_line' id='line_1_13' title="bbox 188 1025 1018 1094; baseline -0.006 -14"><span class='ocrx_word' id='word_1_72' title='bbox 188 1048 190 1052; x_wconf 34' lang='lat'>⁸</span> <span class='ocrx_word' id='word_1_73' title='bbox 213 1029 318 1094; x_wconf 71' lang='lat' dir='ltr'><strong>r‘perct</strong></span> <span class='ocrx_word' id='word_1_74' title='bbox 334 1029 507 1080; x_wconf 83' lang='lat' dir='ltr'><strong>extrinsecus</strong></span> <span class='ocrx_word' id='word_1_75' title='bbox 522 1042 558 1079; x_wconf 85' lang='lat' dir='ltr'><strong>ex</strong></span> <span class='ocrx_word' id='word_1_76' title='bbox 574 1028 736 1091; x_wconf 74' lang='lat' dir='ltr'><strong>diuinitate,</strong></span> <span class='ocrx_word' id='word_1_77' title='bbox 761 1026 834 1079; x_wconf 86' lang='lat' dir='ltr'><strong>uude</strong></span> <span class='ocrx_word' id='word_1_78' title='bbox 852 1039 950 1077; x_wconf 83' lang='lat' dir='ltr'><strong>omues</strong></span> <span class='ocrx_word' id='word_1_79' title='bbox 962 1025 1018 1079; x_wconf 85' lang='lat' dir='ltr'><strong>aui·</strong></span> 
     </span>
    </p>

    <p class='ocr_par' dir='ltr' id='par_1_5' title="bbox 212 1093 1029 2280">
     <span class='ocr_line' id='line_1_14' title="bbox 214 1093 1029 1164; baseline -0.001 -18"><span class='ocrx_word' id='word_1_80' title='bbox 214 1113 274 1147; x_wconf 88' lang='lat' dir='ltr'><strong>mus</strong></span> <span class='ocrx_word' id='word_1_81' title='bbox 295 1096 409 1148; x_wconf 87' lang='lat' dir='ltr'><strong>haustos</strong></span> <span class='ocrx_word' id='word_1_82' title='bbox 430 1104 479 1149; x_wconf 92' lang='lat' dir='ltr'><strong>aut</strong></span> <span class='ocrx_word' id='word_1_83' title='bbox 497 1104 629 1164; x_wconf 84' lang='lat' dir='ltr'><strong>acceptos</strong></span> <span class='ocrx_word' id='word_1_84' title='bbox 649 1104 698 1148; x_wconf 85' lang='lat' dir='ltr'><strong>aut</strong></span> <span class='ocrx_word' id='word_1_85' title='bbox 718 1097 824 1148; x_wconf 84' lang='lat' dir='ltr'><strong>libatos</strong></span> <span class='ocrx_word' id='word_1_86' title='bbox 843 1093 1029 1149; x_wconf 70' lang='lat' dir='ltr'><strong>haberemus.</strong></span> 
     </span>
     <span class='ocr_line' id='line_1_15' title="bbox 212 1166 1019 1235; baseline 0.002 -17"><span class='ocrx_word' id='word_1_87' title='bbox 212 1166 387 1219; x_wconf 73' lang='lat' dir='ltr'><strong>Artificiosae</strong></span> <span class='ocrx_word' id='word_1_88' title='bbox 407 1167 588 1221; x_wconf 81' lang='lat' dir='ltr'><strong>divinationis</strong></span> <span class='ocrx_word' id='word_1_89' title='bbox 608 1169 661 1219; x_wconf 83' lang='lat' dir='ltr'><strong>iila</strong></span> <span class='ocrx_word' id='word_1_90' title='bbox 681 1166 741 1219; x_wconf 82' lang='lat' dir='ltr'><strong>fere</strong></span> <span class='ocrx_word' id='word_1_91' title='bbox 762 1181 881 1235; x_wconf 81' lang='lat' dir='ltr'><strong>genera</strong></span> <span class='ocrx_word' id='word_1_92' title='bbox 885 1166 1019 1232; x_wconf 78' lang='lat' dir='ltr'><strong>ponebas,</strong></span> 
     </span>
     <span class='ocr_line' id='line_1_16' title="bbox 214 1235 1020 1319; baseline 0.002 -32"><span class='ocrx_word' id='word_1_93' title='bbox 214 1235 388 1301; x_wconf 83' lang='lat' dir='ltr'><strong>extispicum,</strong></span> <span class='ocrx_word' id='word_1_94' title='bbox 401 1250 559 1304; x_wconf 85' lang='lat' dir='ltr'><strong>eorumque,</strong></span> <span class='ocrx_word' id='word_1_95' title='bbox 568 1238 618 1305; x_wconf 85' lang='lat' dir='ltr'><strong>qui</strong></span> <span class='ocrx_word' id='word_1_96' title='bbox 629 1253 670 1292; x_wconf 85' lang='lat' dir='ltr'><strong>ex</strong></span> <span class='ocrx_word' id='word_1_97' title='bbox 674 1237 833 1305; x_wconf 81' lang='lat' dir='ltr'><strong>fulguribus</strong></span> <span class='ocrx_word' id='word_1_98' title='bbox 843 1237 1020 1319; x_wconf 78' lang='lat' dir='ltr'><strong>ostentisque</strong></span> 
     </span>
     <span class='ocr_line' id='line_1_17' title="bbox 213 1305 1021 1375; baseline 0.001 -20"><span class='ocrx_word' id='word_1_99' title='bbox 213 1305 421 1371; x_wconf 85' lang='lat' dir='ltr'><strong>praedicerent,</strong></span> <span class='ocrx_word' id='word_1_100' title='bbox 441 1313 500 1361; x_wconf 90' lang='lat' dir='ltr'><strong>tum</strong></span> <span class='ocrx_word' id='word_1_101' title='bbox 512 1323 661 1374; x_wconf 84' lang='lat' dir='ltr'><strong>augurum,</strong></span> <span class='ocrx_word' id='word_1_102' title='bbox 676 1322 848 1375; x_wconf 82' lang='lat' dir='ltr'><strong>eorumque,</strong></span> <span class='ocrx_word' id='word_1_103' title='bbox 870 1306 916 1372; x_wconf 90' lang='lat' dir='ltr'><strong>qui</strong></span> <span class='ocrx_word' id='word_1_104' title='bbox 932 1306 1021 1373; x_wconf 77' lang='lat' dir='ltr'><strong>signis</strong></span> 
     </span>
     <span class='ocr_line' id='line_1_18' title="bbox 213 1376 1023 1443; baseline 0 -17"><span class='ocrx_word' id='word_1_105' title='bbox 213 1381 262 1426; x_wconf 81' lang='lat' dir='ltr'><strong>aut</strong></span> <span class='ocrx_word' id='word_1_106' title='bbox 274 1376 412 1427; x_wconf 85' lang='lat' dir='ltr'><strong>ominibus</strong></span> <span class='ocrx_word' id='word_1_107' title='bbox 424 1382 576 1438; x_wconf 89' lang='lat' dir='ltr'><strong>uterentur,</strong></span> <span class='ocrx_word' id='word_1_108' title='bbox 586 1392 723 1443; x_wconf 86' lang='lat' dir='ltr'><strong>omneque</strong></span> <span class='ocrx_word' id='word_1_109' title='bbox 734 1391 821 1442; x_wconf 86' lang='lat' dir='ltr'><strong>genus</strong></span> <span class='ocrx_word' id='word_1_110' title='bbox 830 1376 1023 1430; x_wconf 81' lang='lat' dir='ltr'><strong>coniecturale</strong></span> 
     </span>
     <span class='ocr_line' id='line_1_19' title="bbox 212 1443 1022 1514; baseline 0.004 -20"><span class='ocrx_word' id='word_1_111' title='bbox 212 1445 243 1495; x_wconf 90' lang='lat' dir='ltr'><strong>in</strong></span> <span class='ocrx_word' id='word_1_112' title='bbox 254 1443 307 1499; x_wconf 83' lang='lat' dir='ltr'><strong>hoe</strong></span> <span class='ocrx_word' id='word_1_113' title='bbox 318 1445 376 1498; x_wconf 82' lang='lat' dir='ltr'><strong>iere</strong></span> <span class='ocrx_word' id='word_1_114' title='bbox 387 1461 488 1514; x_wconf 78' lang='lat' dir='ltr'><strong>genere</strong></span> <span class='ocrx_word' id='word_1_115' title='bbox 498 1449 631 1512; x_wconf 81' lang='lat' dir='ltr'><strong>ponebas.</strong></span> <span class='ocrx_word' id='word_1_116' title='bbox 663 1448 707 1498; x_wconf 83' lang='lat'><strong>27.</strong></span> <span class='ocrx_word' id='word_1_117' title='bbox 717 1446 790 1497; x_wconf 90' lang='lat' dir='ltr'><strong>lllud</strong></span> <span class='ocrx_word' id='word_1_118' title='bbox 803 1451 896 1499; x_wconf 84' lang='lat' dir='ltr'><strong>autem</strong></span> <span class='ocrx_word' id='word_1_119' title='bbox 907 1452 1022 1497; x_wconf 85' lang='lat' dir='ltr'><strong>natur-a</strong></span> 
     </span>
     <span class='ocr_line' id='line_1_20' title="bbox 212 1515 1023 1584; baseline 0.005 -18"><span class='ocrx_word' id='word_1_120' title='bbox 212 1515 250 1579; x_wconf 94' lang='lat' dir='ltr'><strong>le,</strong></span> <span class='ocrx_word' id='word_1_121' title='bbox 262 1522 313 1569; x_wconf 72' lang='lat' dir='ltr'><strong>aut,</strong></span> <span class='ocrx_word' id='word_1_122' title='bbox 321 1517 509 1570; x_wconf 85' lang='lat' dir='ltr'><strong>concitatione</strong></span> <span class='ocrx_word' id='word_1_123' title='bbox 520 1516 622 1566; x_wconf 86' lang='lat' dir='ltr'><strong>mentis</strong></span> <span class='ocrx_word' id='word_1_124' title='bbox 633 1518 678 1567; x_wconf 87' lang='lat' dir='ltr'><strong>edi</strong></span> <span class='ocrx_word' id='word_1_125' title='bbox 689 1523 717 1571; x_wconf 88' lang='lat' dir='ltr'><strong>et</strong></span> <span class='ocrx_word' id='word_1_126' title='bbox 728 1515 897 1584; x_wconf 69' lang='lat' dir='ltr'><strong>quasidundi</strong></span> <span class='ocrx_word' id='word_1_127' title='bbox 906 1517 1023 1570; x_wconf 81' lang='lat' dir='ltr'><strong>rideba-</strong></span> 
     </span>
     <span class='ocr_line' id='line_1_21' title="bbox 213 1586 1024 1652; baseline -0.001 -14"><span class='ocrx_word' id='word_1_128' title='bbox 213 1591 267 1649; x_wconf 85' lang='lat' dir='ltr'><strong>tur,</strong></span> <span class='ocrx_word' id='word_1_129' title='bbox 279 1594 329 1639; x_wconf 81' lang='lat' dir='ltr'><strong>aut</strong></span> <span class='ocrx_word' id='word_1_130' title='bbox 342 1586 444 1648; x_wconf 82' lang='lat' dir='ltr'><strong>animo,</strong></span> <span class='ocrx_word' id='word_1_131' title='bbox 453 1601 509 1652; x_wconf 22' lang='lat' dir='ltr'><strong>,per</strong></span> <span class='ocrx_word' id='word_1_132' title='bbox 520 1601 646 1636; x_wconf 88' lang='lat' dir='ltr'><strong>somnum</strong></span> <span class='ocrx_word' id='word_1_133' title='bbox 658 1588 784 1638; x_wconf 84' lang='lat' dir='ltr'><strong>sensibus</strong></span> <span class='ocrx_word' id='word_1_134' title='bbox 794 1592 824 1639; x_wconf 83' lang='lat' dir='ltr'><strong>ct</strong></span> <span class='ocrx_word' id='word_1_135' title='bbox 833 1587 908 1639; x_wconf 91' lang='lat' dir='ltr'><strong>curis</strong></span> <span class='ocrx_word' id='word_1_136' title='bbox 919 1602 1024 1649; x_wconf 80' lang='lat' dir='ltr'><strong>vacuo,</strong></span> 
     </span>
     <span class='ocr_line' id='line_1_22' title="bbox 212 1655 1026 1723; baseline 0.002 -17"><span class='ocrx_word' id='word_1_137' title='bbox 212 1656 363 1723; x_wconf 83' lang='lat' dir='ltr'><strong>provideri.</strong></span> <span class='ocrx_word' id='word_1_138' title='bbox 400 1655 516 1706; x_wconf 80' lang='lat' dir='ltr'><strong>Duxisti</strong></span> <span class='ocrx_word' id='word_1_139' title='bbox 536 1661 630 1706; x_wconf 90' lang='lat' dir='ltr'><strong>autem</strong></span> <span class='ocrx_word' id='word_1_140' title='bbox 652 1655 852 1708; x_wconf 75' lang='lat' dir='ltr'><strong>divinationem</strong></span> <span class='ocrx_word' id='word_1_141' title='bbox 874 1673 991 1712; x_wconf 84' lang='lat' dir='ltr'><strong>omnem</strong></span> <span class='ocrx_word' id='word_1_142' title='bbox 1008 1672 1026 1708; x_wconf 82' lang='lat' dir='ltr'><strong>n</strong></span> 
     </span>
     <span class='ocr_line' id='line_1_23' title="bbox 212 1724 1025 1789; baseline 0.001 -12"><span class='ocrx_word' id='word_1_143' title='bbox 212 1727 302 1777; x_wconf 92' lang='lat' dir='ltr'><strong>tribus</strong></span> <span class='ocrx_word' id='word_1_144' title='bbox 313 1727 408 1787; x_wconf 83' lang='lat' dir='ltr'><strong>rebus,</strong></span> <span class='ocrx_word' id='word_1_145' title='bbox 431 1725 532 1789; x_wconf 82' lang='lat' dir='ltr'><strong>aDeo,</strong></span> <span class='ocrx_word' id='word_1_146' title='bbox 553 1740 570 1775; x_wconf 83' lang='lat' dir='ltr'>a</span> <span class='ocrx_word' id='word_1_147' title='bbox 586 1724 660 1787; x_wconf 82' lang='lat' dir='ltr'><strong>fato,</strong></span> <span class='ocrx_word' id='word_1_148' title='bbox 682 1730 817 1776; x_wconf 79' lang='lat' dir='ltr'><strong>enatura.</strong></span> <span class='ocrx_word' id='word_1_149' title='bbox 854 1724 910 1778; x_wconf 86' lang='lat' dir='ltr'><strong>Sed</strong></span> <span class='ocrx_word' id='word_1_150' title='bbox 926 1733 1025 1778; x_wconf 83' lang='lat' dir='ltr'><strong>tamen</strong></span> 
     </span>
     <span class='ocr_line' id='line_1_24' title="bbox 214 1794 1025 1863; baseline 0.001 -18"><span class='ocrx_word' id='word_1_151' title='bbox 214 1797 295 1863; x_wconf 78' lang='lat' dir='ltr'><strong>quum</strong></span> <span class='ocrx_word' id='word_1_152' title='bbox 308 1794 528 1862; x_wconf 60' lang='lat' dir='ltr'><strong>explicaremhil</strong></span> <span class='ocrx_word' id='word_1_153' title='bbox 539 1809 650 1861; x_wconf 86' lang='lat' dir='ltr'><strong>posses,</strong></span> <span class='ocrx_word' id='word_1_154' title='bbox 669 1794 803 1861; x_wconf 78' lang='lat' dir='ltr'><strong>pugnasti</strong></span> <span class='ocrx_word' id='word_1_155' title='bbox 814 1797 1025 1860; x_wconf 82' lang='lat' dir='ltr'><strong>commentitio·</strong></span> 
     </span>
     <span class='ocr_line' id='line_1_25' title="bbox 212 1863 1025 1932; baseline 0.006 -18"><span class='ocrx_word' id='word_1_156' title='bbox 212 1880 273 1914; x_wconf 84' lang='lat' dir='ltr'><strong>rum</strong></span> <span class='ocrx_word' id='word_1_157' title='bbox 289 1866 482 1932; x_wconf 83' lang='lat' dir='ltr'><strong>exemplorum</strong></span> <span class='ocrx_word' id='word_1_158' title='bbox 501 1865 619 1916; x_wconf 84' lang='lat' dir='ltr'><strong>mirifica</strong></span> <span class='ocrx_word' id='word_1_159' title='bbox 638 1865 728 1931; x_wconf 84' lang='lat' dir='ltr'><strong>copia.</strong></span> <span class='ocrx_word' id='word_1_160' title='bbox 764 1863 807 1915; x_wconf 88' lang='lat' dir='ltr'><strong>De</strong></span> <span class='ocrx_word' id='word_1_161' title='bbox 829 1878 882 1929; x_wconf 91' lang='lat' dir='ltr'><strong>quo</strong></span> <span class='ocrx_word' id='word_1_162' title='bbox 899 1864 1025 1929; x_wconf 83' lang='lat' dir='ltr'><strong>primum</strong></span> 
     </span>
     <span class='ocr_line' id='line_1_26' title="bbox 214 1932 1027 2001; baseline 0 -17"><span class='ocrx_word' id='word_1_163' title='bbox 214 1932 267 1984; x_wconf 94' lang='lat' dir='ltr'><strong>hoc</strong></span> <span class='ocrx_word' id='word_1_164' title='bbox 277 1934 346 1987; x_wconf 89' lang='lat' dir='ltr'><strong>libet</strong></span> <span class='ocrx_word' id='word_1_165' title='bbox 359 1934 459 1993; x_wconf 84' lang='lat' dir='ltr'><strong>dicere</strong></span> <span class='ocrx_word' id='word_1_166' title='bbox 490 1936 558 1987; x_wconf 87' lang='lat' dir='ltr'><strong>Hoc</strong></span> <span class='ocrx_word' id='word_1_167' title='bbox 569 1950 621 2001; x_wconf 84' lang='lat' dir='ltr'><strong>ego</strong></span> <span class='ocrx_word' id='word_1_168' title='bbox 634 1932 794 2000; x_wconf 88' lang='lat' dir='ltr'><strong>philosophi</strong></span> <span class='ocrx_word' id='word_1_169' title='bbox 804 1947 860 1983; x_wconf 84' lang='lat' dir='ltr'><strong>non</strong></span> <span class='ocrx_word' id='word_1_170' title='bbox 871 1948 935 1984; x_wconf 87' lang='lat' dir='ltr'><strong>esse</strong></span> <span class='ocrx_word' id='word_1_171' title='bbox 948 1933 1027 1984; x_wconf 83' lang='lat' dir='ltr'><strong>arbi·</strong></span> 
     </span>
     <span class='ocr_line' id='line_1_27' title="bbox 213 2002 1028 2071; baseline 0.001 -17"><span class='ocrx_word' id='word_1_172' title='bbox 213 2009 281 2065; x_wconf 85' lang='lat' dir='ltr'><strong>tror,</strong></span> <span class='ocrx_word' id='word_1_173' title='bbox 292 2005 412 2056; x_wconf 86' lang='lat' dir='ltr'><strong>testibus</strong></span> <span class='ocrx_word' id='word_1_174' title='bbox 425 2004 480 2066; x_wconf 81' lang='lat' dir='ltr'><strong>uti;</strong></span> <span class='ocrx_word' id='word_1_175' title='bbox 497 2005 544 2071; x_wconf 92' lang='lat' dir='ltr'><strong>qui</strong></span> <span class='ocrx_word' id='word_1_176' title='bbox 554 2013 611 2057; x_wconf 88' lang='lat' dir='ltr'><strong>aut</strong></span> <span class='ocrx_word' id='word_1_177' title='bbox 615 2020 680 2055; x_wconf 88' lang='lat' dir='ltr'><strong>casu</strong></span> <span class='ocrx_word' id='word_1_178' title='bbox 689 2005 763 2066; x_wconf 69' lang='lat' dir='ltr'><strong>ueri,</strong></span> <span class='ocrx_word' id='word_1_179' title='bbox 771 2009 820 2056; x_wconf 83' lang='lat' dir='ltr'><strong>aut</strong></span> <span class='ocrx_word' id='word_1_180' title='bbox 830 2002 942 2054; x_wconf 82' lang='lat' dir='ltr'><strong>malitia</strong></span> <span class='ocrx_word' id='word_1_181' title='bbox 954 2002 1028 2055; x_wconf 78' lang='lat' dir='ltr'><strong>falsi</strong></span> 
     </span>
     <span class='ocr_line' id='line_1_28' title="bbox 213 2062 1026 2143; baseline 0.005 -20"><span class='ocrx_word' id='word_1_182' title='bbox 213 2073 326 2143; x_wconf 85' lang='lat' dir='ltr'><strong>fictique</strong></span> <span class='ocrx_word' id='word_1_183' title='bbox 336 2089 398 2125; x_wconf 82' lang='lat' dir='ltr'><strong>esse</strong></span> <span class='ocrx_word' id='word_1_184' title='bbox 408 2062 534 2140; x_wconf 83' lang='lat' dir='ltr'><strong>possunt.</strong></span> <span class='ocrx_word' id='word_1_185' title='bbox 552 2075 731 2143; x_wconf 82' lang='lat' dir='ltr'><strong>Argumentis</strong></span> <span class='ocrx_word' id='word_1_186' title='bbox 737 2080 766 2125; x_wconf 88' lang='lat' dir='ltr'><strong>et</strong></span> <span class='ocrx_word' id='word_1_187' title='bbox 771 2072 930 2124; x_wconf 80' lang='lat' dir='ltr'><strong>rationibus</strong></span> <span class='ocrx_word' id='word_1_188' title='bbox 940 2088 1026 2141; x_wconf 73' lang='lat' dir='ltr'><strong>opor·</strong></span> 
     </span>
     <span class='ocr_line' id='line_1_29' title="bbox 214 2143 1026 2210; baseline 0 -17"><span class='ocrx_word' id='word_1_189' title='bbox 214 2148 266 2205; x_wconf 88' lang='lat' dir='ltr'><strong>tet,</strong></span> <span class='ocrx_word' id='word_1_190' title='bbox 289 2155 375 2210; x_wconf 85' lang='lat' dir='ltr'><strong>quare</strong></span> <span class='ocrx_word' id='word_1_191' title='bbox 387 2144 524 2210; x_wconf 88' lang='lat' dir='ltr'><strong>quidque</strong></span> <span class='ocrx_word' id='word_1_192' title='bbox 516 2152 558 2196; x_wconf 83' lang='lat' dir='ltr'><strong>ita</strong></span> <span class='ocrx_word' id='word_1_193' title='bbox 569 2146 618 2206; x_wconf 89' lang='lat' dir='ltr'><strong>sit,</strong></span> <span class='ocrx_word' id='word_1_194' title='bbox 641 2144 755 2206; x_wconf 87' lang='lat' dir='ltr'><strong>docere,</strong></span> <span class='ocrx_word' id='word_1_195' title='bbox 776 2159 829 2194; x_wconf 92' lang='lat' dir='ltr'><strong>nou</strong></span> <span class='ocrx_word' id='word_1_196' title='bbox 841 2143 968 2206; x_wconf 77' lang='lat' dir='ltr'><strong>eventis,</strong></span> <span class='ocrx_word' id='word_1_197' title='bbox 989 2143 1026 2194; x_wconf 90' lang='lat' dir='ltr'><strong>iis</strong></span> 
     </span>
     <span class='ocr_line' id='line_1_30' title="bbox 213 2212 869 2280; baseline 0.008 -19"><span class='ocrx_word' id='word_1_198' title='bbox 213 2213 387 2280; x_wconf 82' lang='lat' dir='ltr'><strong>praesertim,</strong></span> <span class='ocrx_word' id='word_1_199' title='bbox 398 2213 497 2279; x_wconf 89' lang='lat' dir='ltr'><strong>quibus</strong></span> <span class='ocrx_word' id='word_1_200' title='bbox 504 2212 574 2265; x_wconf 91' lang='lat' dir='ltr'><strong>mihi</strong></span> <span class='ocrx_word' id='word_1_201' title='bbox 584 2215 669 2266; x_wconf 86' lang='lat' dir='ltr'><strong>liceat</strong></span> <span class='ocrx_word' id='word_1_202' title='bbox 678 2229 734 2264; x_wconf 87' lang='lat' dir='ltr'><strong>non</strong></span> <span class='ocrx_word' id='word_1_203' title='bbox 745 2214 869 2268; x_wconf 81' lang='lat' dir='ltr'><strong>credere</strong></span> 
     </span>
    </p>

    <p class='ocr_par' dir='ltr' id='par_1_6' title="bbox 266 2282 1029 2351">
     <span class='ocr_line' id='line_1_31' title="bbox 266 2282 1029 2351; baseline 0.003 -19"><span class='ocrx_word' id='word_1_204' title='bbox 266 2282 326 2334; x_wconf 78' lang='lat' dir='ltr'><strong>xil</strong></span> <span class='ocrx_word' id='word_1_205' title='bbox 343 2282 386 2334; x_wconf 84' lang='lat'><strong>28.</strong></span> <span class='ocrx_word' id='word_1_206' title='bbox 397 2282 538 2336; x_wconf 82' lang='lat' dir='ltr'><strong>Utordiar</strong></span> <span class='ocrx_word' id='word_1_207' title='bbox 549 2286 590 2336; x_wconf 90' lang='lat' dir='ltr'><strong>ab</strong></span> <span class='ocrx_word' id='word_1_208' title='bbox 593 2282 784 2351; x_wconf 77' lang='lat' dir='ltr'><strong>harmpmrna,</strong></span> <span class='ocrx_word' id='word_1_209' title='bbox 804 2283 1029 2351; x_wconf 81' lang='lat' dir='ltr'><strong>quamegorei·</strong></span> 
     </span>
    </p>
   </div>
   <div class='ocr_carea' id='block_1_3' title="bbox 142 2352 1034 2796">
    <p class='ocr_par' dir='ltr' id='par_1_7' title="bbox 142 2352 1034 2702">
     <span class='ocr_line' id='line_1_32' title="bbox 213 2352 1030 2422; baseline 0.002 -20"><span class='ocrx_word' id='word_1_210' title='bbox 213 2352 340 2420; x_wconf 79' lang='lat' dir='ltr'><strong>publicae</strong></span> <span class='ocrx_word' id='word_1_211' title='bbox 361 2368 459 2404; x_wconf 85' lang='lat' dir='ltr'><strong>caussa</strong></span> <span class='ocrx_word' id='word_1_212' title='bbox 478 2355 685 2422; x_wconf 80' lang='lat' dir='ltr'><strong>communisque</strong></span> <span class='ocrx_word' id='word_1_213' title='bbox 703 2352 851 2420; x_wconf 76' lang='lat' dir='ltr'><strong>religionis</strong></span> <span class='ocrx_word' id='word_1_214' title='bbox 864 2352 1030 2405; x_wconf 80' lang='lat' dir='ltr'><strong>colendam</strong></span> 
     </span>
     <span class='ocr_line' id='line_1_33' title="bbox 213 2422 1032 2490; baseline 0.001 -17"><span class='ocrx_word' id='word_1_215' title='bbox 213 2438 324 2474; x_wconf 86' lang='lat' dir='ltr'><strong>censeo:</strong></span> <span class='ocrx_word' id='word_1_216' title='bbox 346 2422 395 2474; x_wconf 90' lang='lat' dir='ltr'><strong>sed</strong></span> <span class='ocrx_word' id='word_1_217' title='bbox 410 2423 464 2474; x_wconf 89' lang='lat' dir='ltr'><strong>soii</strong></span> <span class='ocrx_word' id='word_1_218' title='bbox 479 2440 586 2475; x_wconf 80' lang='lat' dir='ltr'><strong>sumus:</strong></span> <span class='ocrx_word' id='word_1_219' title='bbox 608 2425 676 2476; x_wconf 87' lang='lat' dir='ltr'><strong>licet</strong></span> <span class='ocrx_word' id='word_1_220' title='bbox 690 2440 787 2476; x_wconf 82' lang='lat' dir='ltr'><strong>verum</strong></span> <span class='ocrx_word' id='word_1_221' title='bbox 802 2423 953 2490; x_wconf 78' lang='lat' dir='ltr'><strong>exquirere</strong></span> <span class='ocrx_word' id='word_1_222' title='bbox 962 2424 1032 2476; x_wconf 84' lang='lat' dir='ltr'><strong>sine</strong></span> 
     </span>
     <span class='ocr_line' id='line_1_34' title="bbox 211 2491 1033 2577; baseline 0.001 -34"><span class='ocrx_word' id='word_1_223' title='bbox 211 2491 326 2575; x_wconf 80' lang='lat' dir='ltr'><strong>invidis,</strong></span> <span class='ocrx_word' id='word_1_224' title='bbox 341 2493 408 2543; x_wconf 90' lang='lat' dir='ltr'><strong>mihi</strong></span> <span class='ocrx_word' id='word_1_225' title='bbox 418 2494 582 2561; x_wconf 84' lang='lat' dir='ltr'><strong>praesertim</strong></span> <span class='ocrx_word' id='word_1_226' title='bbox 593 2493 629 2546; x_wconf 90' lang='lat' dir='ltr'><strong>de</strong></span> <span class='ocrx_word' id='word_1_227' title='bbox 639 2495 779 2577; x_wconf 85' lang='lat' dir='ltr'><strong>plerisque</strong></span> <span class='ocrx_word' id='word_1_228' title='bbox 789 2492 945 2546; x_wconf 83' lang='lat' dir='ltr'><strong>dubitanti.</strong></span> <span class='ocrx_word' id='word_1_229' title='bbox 985 2493 1033 2545; x_wconf 89' lang='lat' dir='ltr'><strong>ln·</strong></span> 
     </span>
     <span class='ocr_line' id='line_1_35' title="bbox 212 2562 1033 2630; baseline 0.006 -21.006"><span class='ocrx_word' id='word_1_230' title='bbox 212 2562 371 2628; x_wconf 84' lang='lat' dir='ltr'><strong>spiciamus,</strong></span> <span class='ocrx_word' id='word_1_231' title='bbox 382 2579 406 2614; x_wconf 83' lang='lat' dir='ltr'><strong>si</strong></span> <span class='ocrx_word' id='word_1_232' title='bbox 398 2564 519 2630; x_wconf 77' lang='lat' dir='ltr'><strong>placet,</strong></span> <span class='ocrx_word' id='word_1_233' title='bbox 532 2570 598 2616; x_wconf 84' lang='lat' dir='ltr'><strong>exta</strong></span> <span class='ocrx_word' id='word_1_234' title='bbox 606 2566 734 2630; x_wconf 89' lang='lat' dir='ltr'><strong>primum.</strong></span> <span class='ocrx_word' id='word_1_235' title='bbox 754 2563 924 2617; x_wconf 85' lang='lat' dir='ltr'><strong>Persuaderi</strong></span> <span class='ocrx_word' id='word_1_236' title='bbox 936 2563 1033 2630; x_wconf 81' lang='lat' dir='ltr'><strong>igitur</strong></span> 
     </span>
     <span class='ocr_line' id='line_1_36' title="bbox 142 2633 1034 2713; baseline 0.002 -32"><span class='ocrx_word' id='word_1_237' title='bbox 142 2693 146 2702; x_wconf 72' lang='lat'><strong>.</strong></span> <span class='ocrx_word' id='word_1_238' title='bbox 213 2633 342 2713; x_wconf 78' lang='lat' dir='ltr'><strong>cuiquem</strong></span> <span class='ocrx_word' id='word_1_239' title='bbox 353 2640 460 2699; x_wconf 89' lang='lat' dir='ltr'><strong>potest,</strong></span> <span class='ocrx_word' id='word_1_240' title='bbox 481 2650 527 2696; x_wconf 83' lang='lat' dir='ltr'><strong>ca,</strong></span> <span class='ocrx_word' id='word_1_241' title='bbox 546 2649 619 2700; x_wconf 81' lang='lat' dir='ltr'><strong>quae</strong></span> <span class='ocrx_word' id='word_1_242' title='bbox 631 2635 783 2702; x_wconf 75' lang='lat' dir='ltr'><strong>significari</strong></span> <span class='ocrx_word' id='word_1_243' title='bbox 794 2634 929 2689; x_wconf 88' lang='lat' dir='ltr'><strong>dicuntur</strong></span> <span class='ocrx_word' id='word_1_244' title='bbox 941 2634 1034 2695; x_wconf 81' lang='lat' dir='ltr'><strong>extis,</strong></span> 
     </span>
    </p>

    <p class='ocr_par' dir='ltr' id='par_1_8' title="bbox 214 2701 1034 2796">
     <span class='ocr_line' id='line_1_37' title="bbox 214 2701 1034 2796; baseline 0.006 -47"><span class='ocrx_word' id='word_1_245' title='bbox 214 2702 327 2765; x_wconf 79' lang='lat' dir='ltr'><strong>cognitu</strong></span> <span class='ocrx_word' id='word_1_246' title='bbox 339 2717 398 2756; x_wconf 89' lang='lat' dir='ltr'><strong>csse</strong></span> <span class='ocrx_word' id='word_1_247' title='bbox 409 2705 444 2792; x_wconf 82' lang='lat' dir='ltr'><strong>ab</strong></span> <span class='ocrx_word' id='word_1_248' title='bbox 455 2702 649 2796; x_wconf 79' lang='lat' dir='ltr'><strong>haruspicibus</strong></span> <span class='ocrx_word' id='word_1_249' title='bbox 661 2704 856 2757; x_wconf 73' lang='lat' dir='ltr'><strong>obseruatione</strong></span> <span class='ocrx_word' id='word_1_250' title='bbox 870 2701 1034 2756; x_wconf 71' lang='lat' dir='ltr'><strong>diuturna!</strong></span> 
     </span>
    </p>
   </div>
   <div class='ocr_carea' id='block_1_4' title="bbox 361 2829 366 2858">
    <p class='ocr_par' dir='ltr' id='par_1_9' title="bbox 361 2829 366 2858">
     <span class='ocr_line' id='line_1_38' title="bbox 361 2829 366 2858; baseline 0 0"><span class='ocrx_word' id='word_1_251' title='bbox 361 2829 366 2858; x_wconf 84' lang='grc' dir='ltr'><strong>ι</strong></span> 
     </span>
    </p>
   </div>
   <div class='ocr_carea' id='block_1_5' title="bbox 0 0 1059 3025">
    <p class='ocr_par' dir='ltr' id='par_1_10' title="bbox 0 0 1059 3025">
     <span class='ocr_line' id='line_1_39' title="bbox 0 0 1059 3025; baseline 0 0"><span class='ocrx_word' id='word_1_252' title='bbox 0 0 1059 3025; x_wconf 95' lang='lat' dir='ltr'><strong> </strong></span> 
     </span>
    </p>
   </div>
  </div>
 </body>
</html>
