2084 3025
295 148 574 214 remnants.
731 160 734 163 “
784 159 836 215 aso
868 122 873 128 ’

21 311 24 319 .
35 265 157 328 fortes
167 264 204 317 do
216 265 339 317 Deorum
351 271 452 316 natura
463 272 581 331 ortuque
593 264 689 315 mundi
700 264 835 316 disseren-

21 344 62 399 ἑε,
74 337 181 386 lirinus
190 334 228 397 id,
239 335 314 402 quod
324 334 468 397 habemus,
485 333 575 387 aninlo
588 335 788 400 consequimur,
804 341 836 386 ut

21 412 74 458 ita
92 405 232 456 dilucide
246 411 275 456 et
292 405 373 470 plano
389 411 526 461 exomata
541 405 631 455 oratio
649 405 704 455 sibi
716 411 834 466 constet,

21 483 34 526 t
54 489 96 527 ex
115 477 198 525 ouini
214 482 294 540 parte
311 490 405 525 secum
416 475 477 540 ipsa
488 475 658 527 consentiat:
681 474 756 525 haud
767 490 833 524 sarie

21 546 67 595 rit
80 545 208 607 mirum3
219 544 396 610 contentique
407 561 467 596 esse
479 544 627 605 debebitis,
640 545 664 594 si
674 542 835 609 probabilia

25 615 162 665 icentur.
199 615 324 680 Aequom
335 621 377 665 est
389 615 461 665 emm
478 615 649 675 meminisse,
669 619 697 665 et
709 629 765 674 me,
787 610 835 678 qui

21 680 172 742 lisseram,
189 681 329 734 bominem
341 696 411 745 esse,
427 691 455 734 et
467 700 527 744 vos,
537 684 585 749 qui
596 684 736 734 iudicetis:
757 686 797 744 ut,
808 681 835 732 si

21 752 188 805 ›robabilia
197 753 334 815 dicentur,
344 754 385 804 nil
397 755 470 804 ultra
481 754 641 819 requiratis.
662 753 834 814 Quaeramus

21 825 110 891 gitur
122 836 266 884 caussam,
276 838 347 889 quae
358 839 420 874 eom
431 824 579 888 impulerit,
591 825 639 888 qui
650 823 719 874 haee
731 821 833 873 machi·

21 900 104 944 natus
120 895 175 954 sit,
195 898 227 942 ut
244 892 378 959 originem
394 908 485 944 rerum
496 899 526 944 et
542 893 716 944 molitionem
732 907 833 956 noram

21 967 188 1029 ponerent,
218 961 366 1014 Probitate
385 962 518 1013 videlieet
535 965 711 1028 praestabat:
732 961 833 1027 probus

21 1039 116 1083 nutem
128 1031 239 1082 invidet
249 1032 362 1083 nemini,
399 1033 496 1097 ltaque
508 1034 603 1083 onmia
619 1033 663 1083 sui
671 1031 777 1089 ,similia
788 1046 834 1096 ge·

21 1102 143 1153 seravit.
179 1102 260 1153 llaec
274 1102 404 1152 nimirum
419 1101 554 1168 gignendi
570 1103 664 1153 muudi
680 1117 780 1153 caussa
794 1100 834 1149 iu·

21 1171 158 1223 rtissima„
187 1172 258 1222 Nam
270 1187 352 1237 quum
365 1171 558 1222 constituisset
568 1172 645 1224 Deos
655 1174 735 1223 bouis
748 1169 834 1221 omni-

21 1245 75 1292 bus
86 1241 203 1305 explere
219 1241 362 1303 muriciam,
385 1241 451 1292 niali
467 1240 538 1291 nihil
553 1242 718 1303 admiscere,
741 1238 834 1306 quoad

21 1316 129 1362 natura
142 1316 301 1375 pateretur:
325 1311 459 1376 quidquid
475 1319 554 1372 erat,
576 1312 650 1377 quod
662 1313 691 1361 in
704 1308 835 1362 cernendi
870 1318 874 1323 '

21 1395 136 1432 sensum
148 1380 276 1439 caderet,
296 1380 326 1430 id
336 1380 390 1430 sibi
401 1382 565 1447 assumpsit,
586 1396 640 1432 uon
653 1380 836 1446 tranquillum

22 1458 55 1503 et
65 1449 210 1516 quietum,
230 1450 278 1499 sed
296 1449 482 1501 immoderate
497 1451 636 1519 agitatum
648 1457 676 1502 et
687 1449 833 1512 fluctuans,

22 1521 110 1585 idque
126 1535 161 1570 ex
171 1520 329 1571 inordinato
340 1521 370 1574 iu
382 1520 507 1572 ordinem
520 1521 647 1571 adduxit.
683 1522 748 1571 Hoc
758 1520 832 1571 euim

21 1590 168 1642 iudicabat
179 1604 240 1640 esse
254 1591 449 1655 praestantius.
485 1589 540 1641 Fas
553 1596 645 1642 autem
657 1608 707 1642 nee
717 1597 769 1651 est,
781 1606 832 1640 nee

23 1658 228 1726 umquamiuit‚
252 1660 411 1726 quidquam,
428 1661 483 1711 nisi
494 1659 718 1726 pulcherrimum,
738 1659 833 1711 facere

25 1745 107 1791 eum,
123 1730 168 1796 qui
180 1736 253 1781 esset
268 1731 398 1796 optimus.
436 1732 527 1794 Quum
538 1727 675 1781 rationem
687 1732 774 1796 igitur
785 1728 832 1780 ba·

26 1799 147 1860 buisset‚
167 1799 326 1865 reperiebat
347 1798 418 1850 nihil
438 1816 499 1852 esse
513 1816 626 1861 eornm,
645 1816 717 1867 quae
733 1807 834 1850 natura

28 1875 213 1930 cernerentur,
224 1885 279 1919 nou
290 1866 459 1936 intelligens,
471 1871 658 1937 intelligente,
673 1871 701 1919 in
712 1876 775 1920 toto
787 1887 833 1937 ge-

28 1954 106 1998 nere,
116 1940 307 2004 praestantius.
335 1940 553 2006 lntelligentlam
565 1946 659 1991 autem
670 1940 720 1989 ulli
732 1941 773 1991 rei
785 1938 833 1990 ad·

29 2011 149 2060 iunctam
166 2025 225 2060 esse
236 2009 295 2060 sine
311 2010 416 2071 animo,
439 2009 519 2060 nefas
531 2026 600 2061 csse.
638 2010 777 2071 Quocirca
791 2009 840 2059 in:

32 2078 213 2144 telligentiam
225 2079 255 2128 in
266 2079 369 2141 animo,
385 2080 504 2131 animum
516 2069 653 2131 ‹lonclosit
665 2082 832 2146 incorpore.

34 2148 83 2201 Sie
90 2153 216 2198 natusest
228 2164 297 2214 opus
307 2149 379 2199 illud
389 2149 519 2201 effectum
532 2166 593 2201 esse
605 2148 832 2216 pulcherrimum.

34 2221 121 2280 Quam
138 2220 169 2269 ob
185 2233 311 2269 caussam
326 2234 382 2269 non
398 2225 441 2269 est
452 2220 635 2271 cunctandum
647 2217 788 2285 profiteri,
807 2218 832 2270 si

35 2287 118 2339 modo
136 2288 293 2355 investigari
314 2288 422 2358 aliquid
443 2290 605 2341 coniectura
624 2295 734 2355 potest,
761 2287 832 2357 hunc

21 2399 22 2402 ,
38 2356 160 2408 mundum
168 2358 270 2408 animal
280 2358 438 2424 esse,idque
449 2359 610 2427 intelligens
622 2366 651 2410 et
662 2359 758 2410 divina
770 2374 832 2424 pro·

39 2427 153 2478 videntia
163 2426 354 2479 constitutum.
389 2426 436 2479 lV.
455 2430 519 2481 Hoe
529 2429 635 2495 posit03
658 2429 730 2494 quod
741 2428 834 2494 sequi·

37 2505 97 2559 tur,
112 2497 252 2549 ridendum
268 2505 325 2559 est,
349 2499 492 2551 cuiusnam
514 2499 695 2550 animantium
708 2499 787 2550 Deus
805 2499 833 2547 io

40 2566 157 2634 fingendo
171 2568 272 2619 mundo
284 2566 495 2632 similitudinem
509 2576 622 2622 secutus
635 2570 682 2620 sit.
718 2564 831 2620 Nullius

38 2635 169 2705 prefecto,
187 2652 281 2688 eorum
297 2640 425 2705 quidem,
448 2646 593 2706 quaesunt
604 2640 684 2692 nobis
696 2646 762 2710 uota
774 2638 831 2689 ani-

41 2707 150 2763 mantia
176 2705 245 2761 sont
255 2709 432 2778 emmomma
442 2712 471 2765 in
481 2712 617 2781 quaedam
631 2727 734 2780 genera
745 2710 831 2777 parti-
