2084 3025
105 201 107 207 ,
222 84 749 189 ununmrrriei'uiniu
839 132 874 189 ao

70 237 183 292 aulen«
203 235 472 298 evacuaturum
482 236 608 302 fratrem,
620 237 763 308 egregium
775 238 874 302 uirum,

72 307 187 359 omnino
197 305 251 357 sibi
260 320 432 374 nequaquam
444 322 549 374 parem,
558 357 563 361 .
571 308 646 376 quod
656 309 681 359 is
692 308 817 361 anteibat
828 323 874 362 ne·
889 360 902 387 s

72 382 146 438 tate,
166 381 308 441 tamquam
319 376 489 443 superiorem
500 376 621 440 colebat,
638 392 758 444 suosque
769 392 874 439 ursinos,

71 460 122 513 per
133 458 164 496 se
175 459 235 496 esse
246 444 393 511 ampliores
404 444 527 499 volebat.
562 447 605 497 70.
622 444 703 507 Quod
714 446 875 499 laciendum

71 511 293 582 imitandumque
304 520 347 566 est
354 514 493 567 omnibus:
505 519 546 577 ut,
557 514 669 581 siquam
676 515 875 581 praestantiam

72 582 195 644 virtutis,
205 578 318 650 ingenii,
332 581 464 636 fortunae
474 582 616 636 consecuti
627 590 699 647 sunt,
709 584 874 659 impertiant
895 604 896 609 ¹

73 666 108 705 ea
117 651 186 713 suis,
199 648 451 719 communicentque
461 669 524 707 oum
535 652 682 719 proximius
693 658 732 715 ut,
743 653 768 703 si
779 667 876 720 paren·

74 722 153 772 tibus
164 721 224 771 nati
233 721 288 771 sint
298 719 457 784 humilibus,
467 724 501 772 ‘si
514 721 685 789 propinquos
695 720 817 774 habeant
826 721 877 773 im·

73 789 234 843 becilliorea
253 790 300 841 rel
318 790 411 843 animo
433 789 479 843 rel
498 791 620 854 fortuna,
641 806 739 843 eorum
757 797 879 858 augeant

70 874 158 927 opes,
177 857 271 925 eisque
287 856 386 910 honori
400 859 456 914 sint
470 865 499 912 et
515 859 660 927 dignitati:
680 866 712 913 ut
724 858 878 923 infabulis,

40 922 42 929 ’
74 928 124 996 qui
134 927 305 1047 aliquamdiu
316 934 430 994 propter
441 929 646 996 ignorationem
656 929 751 997 stirpis
763 935 791 980 et
796 942 878 995 gene

73 999 116 1050 ris
130 997 162 1048 in
190 996 315 1049 amulatu
329 996 449 1060 luerint,
473 1013 556 1066 quum
573 998 680 1067 cogniti
695 1004 772 1061 sunt,
791 1004 879 1051 etant

72 1067 201 1121 Deorum
212 1071 260 1116 aut
269 1066 376 1133 Regum
386 1065 440 1117 filii
447 1067 571 1129 inventi,
592 1068 818 1120 retinenttamen
832 1082 878 1118 ca·

73 1136 191 1188 ritatem
204 1134 234 1185 in
250 1142 389 1201 pastores,
411 1150 479 1204 quos
495 1142 591 1204 patres
605 1136 707 1189 multos
719 1152 805 1188 annos
817 1150 880 1189 esse

70 1204 225 1255 duxerunt.
262 1202 448 1266 Qundmulto
464 1205 592 1271 proiecto
610 1206 700 1273 magis
710 1206 741 1257 in
749 1206 823 1257 reris
832 1220 880 1272 pa·

72 1272 165 1325 tribus
176 1270 313 1339 certisque
325 1271 491 1326 iaciendum.
520 1274 639 1325 Fructus
651 1274 724 1326 enim
733 1274 841 1342 ingenii
851 1278 882 1326 et

73 1340 191 1394 virtutis
210 1340 354 1409 omnisque
376 1341 564 1408 praestantiae
577 1349 639 1394 tum
654 1342 792 1394 maxiinus
806 1343 883 1409 capi·

73 1419 133 1472 tur,
146 1425 228 1478 quum
239 1409 267 1461 in
278 1410 435 1478 proximum
447 1427 583 1479 quemque
594 1410 746 1465 confertur.
768 1410 830 1463 XX.
837 1408 881 1463 ⁷1.

57 1480 115 1533 'Ut
129 1480 217 1547 igitur
225 1479 266 1543 tii,
279 1479 334 1547 vqni
349 1486 414 1533 sunt
429 1479 459 1532 in
470 1481 615 1534 amicitiae
625 1480 881 1547 coniunctionisque

75 1547 284 1606 necessitudine
295 1552 467 1618 superiores,
487 1565 644 1617 exaequare
654 1566 685 1604 se
696 1566 758 1602 cum
767 1549 882 1601 inferio·

75 1620 156 1673 ribus
166 1619 280 1672 debent:
302 1619 343 1671 sic
351 1620 497 1673 inferiores
508 1635 564 1671 non
576 1620 681 1682 dolere,
696 1634 727 1671 se
737 1634 754 1670 a
764 1619 822 1670 suis
833 1624 883 1671 aut

74 1685 191 1757 ingenio
202 1694 251 1740 aut
260 1686 373 1741 fortuna
383 1695 432 1741 aut
442 1689 583 1757 dignitate
593 1688 730 1756 superari.
754 1688 882 1749 anirum

76 1757 205 1826 plerique
215 1762 263 1810 aut
274 1766 425 1825 queruntur
435 1773 545 1825 semper
555 1759 671 1826 aliquid
681 1763 730 1810 aut
741 1759 825 1811 etiam
835 1771 882 1810 cx·
931 1817 938 1826 Ι

75 1826 226 1893 probrant:
239 1842 326 1893 eoque
335 1829 435 1896 magis,
445 1828 471 1879 ai
481 1826 585 1881 habore
595 1844 625 1881 se
636 1832 744 1897 putant,
755 1826 829 1901 qnod
841 1827 883 1879 ol·

17 1954 25 1959 ,
76 1896 176 1948 tinioso
196 1902 225 1950 et
243 1897 331 1949 amice
352 1903 380 1949 et
401 1913 463 1949 eum
483 1897 581 1950 labore
596 1898 690 1965 aliquo
709 1913 760 1949 suo
775 1898 882 1949 iactum

76 1970 183 2033 queant
192 1963 293 2017 dicere.
313 1964 446 2017 Odiosum
458 1982 525 2022 sane
535 1967 778 2034 genushominum‚
789 1965 884 2019 officia

76 2034 320 2100 exprobrantium:
341 2050 411 2103 quae
427 2035 585 2090 meminisse
592 2036 682 2089 debet
697 2036 736 2099 is,
756 2035 783 2087 in
800 2049 883 2104 quem

76 2104 273 2166 colluminat,
293 2118 349 2155 non
360 2118 594 2168 commemorare,
615 2106 662 2173 qui
674 2104 802 2158 eontulit.
839 2105 882 2156 ⁷2.

76 2172 268 2235 Quamobrem
276 2178 309 2223 ut
318 2172 347 2235 ii,
363 2173 411 2241 qui
422 2174 580 2240 superiores
591 2181 663 2238 sunt,
679 2174 841 2226 submittere
852 2186 883 2225 se

76 2242 183 2294 debent
192 2240 221 2292 in
232 2241 369 2294 amicitia:
390 2242 432 2294 sic
442 2243 563 2310 quodam
579 2244 663 2296 modo
677 2244 825 2296 inferiores
837 2256 884 2291 ex·

76 2310 192 2363 tollere.
227 2308 298 2362 ¹Sunt
309 2311 383 2363 enim
394 2312 521 2378 quidam,
542 2313 588 2379 qui
597 2313 732 2366 molestas
743 2309 882 2362 amicitias

75 2379 197 2442 faciunt,
207 2395 289 2447 quum
299 2380 353 2448 ipsi
359 2395 393 2445 ¹ue
406 2383 544 2435 contemni
553 2387 665 2450 putant:
678 2380 753 2448 quod
762 2377 883 2430 noniere

78 2448 234 2514 contingit,
256 2449 310 2499 nisi
320 2450 368 2514 iis,
388 2450 436 2517 qui
445 2451 531 2503 etiam
544 2449 758 2503 contemnendos
769 2463 799 2499 se
811 2446 885 2498 arbi·

77 2523 205 2581 trantur3
217 2519 266 2583 qui
276 2516 328 2571 liae
338 2520 469 2586 opinione
479 2534 534 2570 non
541 2520 624 2571 modo
632 2519 734 2580 verbis,
744 2516 884 2569 sedetiam

78 2588 166 2654 opere
180 2585 295 2639 levandi
308 2595 380 2640 sunt.
417 2589 459 2641 ⁷3.
475 2591 596 2640 Tantum
612 2592 704 2639 autem
719 2585 816 2652 cuique
833 2583 884 2635 tri·

78 2653 235 2721 nuendum,
260 2656 394 2728 primum,
419 2665 552 2725 quantum
571 2656 631 2727 ipse
651 2654 759 2709 allicere
778 2652 884 2723 possls3

625 2760 640 2787 u
