2084 3025
127 136 134 143 ’
172 154 207 206 m
433 136 704 208 Pnunnoxs
768 112 771 117 Δ

170 252 230 305 ills
241 259 301 303 tum
321 253 434 316 ciuitas,
455 270 538 321 quum
559 256 636 325 leges
655 258 685 307 in
700 246 734 309 ea
747 255 818 307 nihil
829 257 973 313 valebant:

172 338 254 390 quium
264 321 369 372 iudicia
379 324 518 375 iacebant:
538 342 620 392 quum
631 343 690 377 mos
701 328 809 393 patrius
821 327 975 377 occiderat:

170 407 263 460 quum,
286 390 360 442 ferro
371 393 458 459 pulsis
470 394 687 461 magistratibus,
707 396 827 447 Senatus
838 411 940 446 nomen
948 396 977 445 in

169 460 314 527 republica
329 469 468 519 nouerat.
504 464 677 516 Praedonum
693 465 741 516 ille
752 468 918 525 concursus,
938 471 978 527 et,

169 538 199 582 te
210 530 288 591 duce,
299 530 476 585 latrocinium
486 535 515 584 in
526 532 591 585 foro
603 536 793 598 constitutum,
805 541 833 587 ct
843 532 980 601 reliquiae
1034 534 1035 539 ’

171 600 371 655 coniurationis
388 617 405 652 a
415 603 554 655 Catilinae
569 604 650 654 furiis
667 605 703 654 ad
714 611 792 655 mum
802 605 893 655 scelus
904 605 981 669 furo·
1034 638 1035 643 =

123 724 129 731 ,
169 684 284 735 remque
298 685 456 734 conversae,
469 689 524 724 non
534 673 633 724 civitas
644 680 713 724 erat.
748 675 791 725 28.
810 674 909 739 ltaque
921 672 981 738 pul-
1034 704 1035 713 κ

171 755 218 791 sus
229 753 281 804 ego
294 739 409 792 civitate
419 757 473 810 non
492 758 562 804 sum,
574 758 644 809 quae
652 743 730 794 nulla
741 749 813 794 erat:
826 744 985 795 arcessitus*

171 809 199 861 in
220 809 362 863 civitatem
384 826 458 872 sum,
479 819 654 877 quumcsset
664 813 693 863 in
707 813 853 878 republica
864 811 981 873 Consul,
1034 837 1035 841 =

172 879 289 946 quitum
300 879 391 929 nullus
402 878 506 932 fuerat:
530 889 603 933 esset
613 881 746 943 Senatus,
767 884 816 951 qui
829 889 891 932 tum
907 881 982 933 occi·

173 949 266 1000 derat=
289 955 363 1000 esset
380 964 529 1002 consensus
545 952 642 1018 populi
657 953 752 1003 liberi:
775 959 849 1003 essct
867 952 938 1001 iuris
951 957 983 1001 et
1034 970 1035 973 ¹

173 1019 337 1084 aequitatis,
358 1034 429 1084 quae
440 1021 552 1072 uincula
562 1006 625 1072 dunt
636 1022 771 1082 civitatis,
787 1022 911 1089 repetita
924 1035 985 1072 me-
1034 1020 1035 1031 ¹

81 1102 84 1109 ⁴
172 1088 271 1140 morin.
307 1090 347 1139 Ac
360 1088 544 1158 vide‚aequam
559 1092 615 1141 ista
628 1092 671 1142 tui
687 1091 833 1142 latrocinii
847 1090 908 1141 tela
918 1104 984 1140 con·
1034 1140 1035 1143 ,

171 1157 342 1222 tempserim.
364 1158 469 1209 laetam
481 1167 509 1211 et
519 1161 671 1212 immissam
682 1166 735 1211 ate
747 1159 882 1218 nefariam
894 1161 926 1209 in
936 1174 984 1211 me

130 1266 135 1283 ,
172 1226 428 1292 iniuriam-semper
444 1229 521 1280 duxi:
543 1231 702 1295 pervenisse
718 1229 812 1281 adme
828 1244 984 1296 numquam
1034 1292 1035 1299 ἵ

172 1296 282 1365 putavi:
306 1297 360 1346 nisi
371 1296 460 1360 forte,
482 1314 565 1365 quum
581 1301 701 1366 parietes
717 1299 912 1361 disturbabas,
932 1305 984 1349 aut
1034 1332 1035 1357 2

132 1416 135 1431 .
174 1382 258 1435 quum
270 1367 352 1418 tectis
364 1368 601 1427 scelerataslaces
618 1368 770 1431 inferebas,
791 1384 920 1419 sueorum
932 1368 985 1419 ali·

173 1437 242 1505 quid
256 1452 337 1489 ruere
349 1442 397 1487 aut
408 1437 562 1505 deflagrare
573 1439 755 1495 arbitrabare.
791 1439 834 1490 29.
846 1436 927 1489 Nihil
936 1454 986 1491 ne·
1034 1458 1035 1463 ¹

78 1535 83 1548 ι
144 1519 227 1575 ‘que
238 1523 330 1559 meum
343 1512 393 1569 est,
408 1524 497 1576 neque
508 1510 676 1576 cuiusquam,
692 1502 767 1575 quod
777 1498 895 1573 auferri,
907 1507 987 1575 qudd
1034 1539 1035 1542 =

85 1600 87 1608 ‚
174 1578 261 1644 cripi,
282 1578 356 1643 quod
371 1579 465 1628 amitti
478 1584 581 1645 potest.
617 1578 647 1631 si
661 1579 731 1630 mihi
746 1578 897 1645 eripuisses
915 1577 988 1629 didi·

172 1662 237 1699 nam
260 1648 346 1697 animi
359 1647 415 1699 mei
433 1650 619 1708 constantiam
629 1687 646 1712 ,.
657 1664 733 1701 meus
745 1664 837 1709 curas,
858 1648 987 1714 vigilias,

174 1716 301 1779 consilia,
311 1718 409 1784 quibus
419 1718 615 1785 respublicate
626 1719 794 1770 invitissimo
805 1723 878 1781 stat3
898 1718 925 1768 si
936 1715 989 1769 hn-
1034 1775 1035 1784 ἵ

173 1788 217 1838 ius
229 1788 338 1838 aeterni
346 1787 474 1839 beneficii
484 1789 671 1841 immortalem
686 1789 850 1841 memoriam
862 1788 989 1839 delevis-
1034 1833 1035 1856 ¹

174 1871 233 1919 ses3
254 1857 343 1907 multo
356 1857 440 1908 etiam
452 1858 542 1925 magis
553 1859 577 1908 si
587 1859 666 1909 illnln
677 1865 806 1922 mentem,
825 1857 900 1909 unde
912 1856 990 1910 baec
1034 1875 1035 1924 ἢ

175 1925 294 1978 consilia
305 1934 460 1989 manarunt,
471 1926 540 1978 mibi
551 1928 711 1995 eripuisses:
722 1934 782 1979 tum
793 1943 846 1994 ego
859 1929 990 1993 accepis·
1034 1929 1035 1996 ᾖ

174 2012 205 2048 se
221 2010 265 2046 me
283 1997 430 2048 confiterer
443 1997 584 2049 iniuriam.
620 1996 675 2050 Sed
691 1998 716 2048 si
732 1996 801 2049 hacc
815 2013 866 2049 nec
878 1982 990 2061 iecisti,

87 2093 90 2094 ν
174 2081 227 2117 nec
237 2064 335 2117 facere
347 2068 478 2132 potuisti:
500 2066 703 2123 reditummibi
712 2067 867 2135 gloriosum
881 2067 991 2119 iniuria

173 2143 226 2187 tua
236 2134 321 2199 dedit,
338 2151 393 2186 non
403 2137 509 2187 exitum
521 2138 723 2189 calamitosum.
742 2136 835 2203 ,Ergo
848 2150 903 2202 ego
916 2152 990 2188 sem·

163 2220 225 2273 per
237 2204 319 2269 civis3
342 2211 370 2257 et
380 2211 439 2256 tum
450 2207 587 2269 maxime,
609 2222 691 2274 quum
703 2221 794 2257 meam
805 2206 930 2258 salutem
941 2203 991 2259 Se·

175 2280 260 2327 nutus
271 2276 555 2338 exterisnationibus,
565 2280 598 2327 ut
609 2275 676 2327 civis
689 2276 795 2341 optimi,
807 2275 991 2327 commenda·

177 2344 237 2408 bat3
246 2397 248 2401 ,
257 2350 302 2407 tu,
309 2362 344 2397 ne
353 2361 425 2396 nunc
435 2345 564 2411 quidem:
587 2346 641 2395 nisi
651 2344 725 2397 forte
736 2344 810 2396 idem
821 2360 889 2397 esse
895 2343 991 2398 hostis

177 2420 206 2466 et
218 2414 286 2466 civis
294 2420 400 2481 potest.
424 2417 466 2467 An
476 2420 506 2468 tu
518 2415 607 2467 civem
618 2415 653 2465 ab
663 2412 744 2467 hoste
755 2420 858 2467 natura
868 2430 904 2466 ac
914 2415 992 2478 loco,

177 2498 233 2533 non
245 2484 336 2535 annno
348 2483 484 2550 factisque
502 2484 672 2549 distinguisl
707 2484 740 2538 11.
760 2483 803 2536 30.
822 2484 992 2536 Caedemin

48 2541 55 2552 '
92 2612 96 2616 .
177 2550 240 2602 foro
254 2552 360 2605 fecisti:
375 2554 490 2603 armatis
500 2553 658 2612 latronibus
667 2554 773 2621 templa
782 2554 916 2620 tenuisti:
933 2553 993 2622 pri·

177 2624 306 2699 vatorum
318 2622 425 2703 domos,
437 2621 624 2727 {leflefewffl
636 2623 791 2676 incendisti.
801 2618 806 2625 ’
829 2625 887 2675 Cur
897 2621 993 2678 bos&

179 2684 344 2755 Spartacus,
365 2707 392 2743 ss
411 2696 442 2743 tu
457 2706 541 2744 c1v1s.
562 2691 646 2747 Potes
662 2698 757 2747 autem
770 2699 804 2745 tu
821 2708 884 2746 esse
907 2693 994 2763 civim
