2084 3025
196 104 251 192 {16
375 123 381 138 “
416 135 473 189 nn
491 122 783 189 mvmnrronn
812 126 817 143 ’

198 248 284 313 puteo
298 238 442 303 haustam,
460 245 677 292 terraemotum
694 239 766 290 dixit
781 238 917 293 futorum.
951 240 1000 294 l’a·

58 366 62 373 ,
116 315 120 319 '
199 328 270 374 rum,
281 310 374 373 credo,
384 309 570 376 inipudenter,
580 308 663 375 quod,
674 325 757 376 quum
768 309 861 361 lactus
868 317 1003 362 essctinc·
1027 328 1029 339 ¹

199 388 256 443 tus,
271 379 364 432 dicere
375 379 488 442 audent,
504 394 576 446 quac
585 379 627 431 vis
638 379 669 430 id
679 379 815 432 effecerit:
831 381 952 431 etiamne
962 380 1003 431 tn·

199 457 377 512 tammam,
395 464 484 517 aquae
494 448 568 515 iugis
579 449 673 501 colore
682 449 894 516 praesentiunt?
914 449 1004 500 Multa

199 518 362 572 istiusmodi
381 519 509 571 dicuntur
521 519 552 568 in
566 516 684 570 scholis:
706 520 755 571 sed
775 519 890 571 credere
903 520 1006 587 omnia,

199 589 278 652 ride,
297 604 332 640 ne
346 589 450 640 nonsit
465 603 589 640 necesse.
624 586 667 641 32.
688 588 792 647 Verum
802 589 858 639 sint
873 603 940 640 sane
950 590 1007 639 ista

139 670 149 679 ⁴
199 657 380 711 Democritea
391 674 472 709 vera:
492 658 654 724 quando‘ea
665 674 715 709 nos
727 660 799 710 extis
815 657 1006 724 exquirimus!

200 734 249 780 aut
259 728 371 794 quando
381 726 487 794 aliquid
497 727 634 779 eiusmodi
645 730 679 780 ab
691 726 850 794 haruspice,
872 727 1006 793 inspectis

201 798 287 859 extis,
305 797 478 857 audivimus?
495 796 534 848 Ab
547 812 620 864 aqua
630 804 679 847 aut
690 798 725 847 ah
740 798 798 863 igni
810 797 936 862 pericula
949 810 1007 847 mo·

200 872 280 918 nent:
301 874 362 918 tum
372 865 556 926 hereditates,
577 874 638 916 tum
650 865 754 915 damna
764 865 940 916 denuntiant:
961 866 1007 916 lis·

200 952 262 987 suni
282 935 422 986 familiare
441 941 470 985 et
489 934 576 985 vitale
594 940 730 985 tractant:
752 938 837 1000 caput
851 936 957 986 iccoris
973 946 1008 987 ex

203 1006 279 1058 omni
289 1011 369 1070 parte
380 1003 597 1068 diligentissime
608 1003 795 1055 considerant:
809 1005 833 1053 si
843 1004 946 1069 veroid
953 1018 1008 1055 noa

202 1083 245 1126 cst
255 1075 407 1133 inventum,
422 1070 492 1121 nihil
503 1077 602 1138 putant
614 1073 740 1124 accidere
751 1073 879 1140 potuisse
886 1074 1007 1124 tristius.

166 1166 168 1173 ·
201 1140 276 1197 XlV.
297 1142 378 1192 llaec
390 1141 534 1193 observari
545 1149 620 1193 certe
631 1157 686 1193 non
697 1148 860 1209 prituertmt,
880 1140 1008 1210 utsupra

201 1211 294 1263 docui.
330 1208 400 1261 Sunt
410 1209 499 1277 igitur
508 1212 577 1262 artis
586 1211 712 1275 inventa,
734 1229 789 1263 non
799 1212 963 1275 vetustatis,
982 1211 1007 1264 si

202 1288 244 1334 cst
254 1295 299 1331 ars
310 1278 368 1331 ulla
378 1295 471 1331 rerum
481 1280 694 1349 iucogmtarum.
723 1280 766 1334 33.
777 1283 950 1334 cumrerum
960 1296 1007 1334 au·

201 1357 257 1405 tem
269 1354 368 1400 natura
379 1365 459 1416 quam
475 1352 667 1416 cognationem
684 1351 805 1404 habenti
825 1367 897 1417 quac
908 1359 941 1402 ut
951 1366 1006 1403 uno

202 1434 337 1471 consensu
346 1419 443 1471 iuncta
452 1419 489 1471 sit
500 1428 529 1472 et
542 1421 699 1484 continens,¹
708 1421 783 1488 quod
793 1421 876 1473 rideo
888 1420 1007 1487 placuis-

200 1505 231 1542 se
239 1488 383 1570 fhysicis,
404 1490 647 1557 eisquemaaimc‚¹
665 1491 711 1559 qui
722 1506 816 1554 omne,
837 1491 1008 1559 quodesset,

199 1576 283 1612 unum
295 1577 355 1614 csse
367 1560 507 1612 dixerunt:
524 1561 589 1627 quid
601 1559 704 1613 habore
715 1562 831 1612 mundus
841 1568 936 1628 petest
944 1576 1008 1612 cum

198 1630 326 1683 thesauri
333 1632 496 1683 inventione
507 1631 701 1683 coniunctum!
717 1630 747 1682 Si
758 1631 829 1683 enim
841 1632 913 1682 extis
925 1646 1008 1698 pecu·

199 1702 262 1752 niue
273 1699 341 1751 mihi
356 1701 539 1766 amplificatio
557 1700 725 1762 ostenditur,
747 1699 830 1766 idque
845 1702 877 1753 lit
893 1707 1007 1752 natura:

199 1771 317 1837 primum
333 1777 398 1820 exta
412 1775 477 1834 sunt
492 1770 641 1820 coniuncta
656 1769 773 1821 mundo:
795 1770 897 1823 deinde
911 1783 1008 1822 meum

145 1882 150 1886 .
198 1840 306 1890 lucrum
316 1847 416 1889 natura
425 1853 517 1890 rerum
530 1839 695 1893 continetur.
724 1839 822 1908 Nonne
833 1840 921 1907 pudet
931 1840 1008 1908 Phy-

199 1907 357 1960 sicoshaec
371 1907 483 1959 dicerel
503 1908 546 1958 Ut
554 1909 626 1959 enim
637 1910 693 1961 iam
710 1909 748 1960 sit
759 1910 855 1977 aliqua
863 1910 892 1961 in
903 1917 1008 1963 natura

198 1992 290 2029 rerum
311 1977 455 2043 cognatio,
477 1992 559 2044 quam
579 1994 640 2029 esse
658 1979 795 2031 concedet
821 1980 912 2031 multa
930 1980 1007 2031 enim

199 2045 290 2098 Stoici
299 2045 449 2112 colligunt:
471 2062 535 2097 nam
547 2052 575 2099 et
585 2049 772 2100 musculorum
791 2048 933 2102 iecuscula
941 2049 1007 2101 bru·

199 2130 246 2166 ma
267 2115 396 2165 dicuntur
416 2115 527 2181 augeri,
547 2122 576 2166 et
590 2118 716 2183 puleium
729 2119 837 2170 aridum
855 2118 1006 2172 llorcscera

198 2184 260 2251 ipso
271 2183 391 2236 brumali
402 2184 456 2245 die,
468 2190 496 2235 et
505 2182 617 2238 inflatas
627 2189 720 2255 rumpi
730 2189 876 2251 vesiculas,
889 2189 1006 2242 etsemi·

199 2269 235 2305 na
245 2253 394 2314 malorum,
408 2269 484 2320 ⁴quac
493 2253 568 2321 iniis
580 2257 679 2310 mediis
694 2259 800 2309 inclusa
811 2260 881 2319 sint,
901 2260 930 2309 in
937 2274 1005 2318 ,cou-

198 2323 299 2373 trarias
312 2329 408 2388 partes
419 2338 449 2375 se
460 2329 585 2377 vertere:
599 2328 656 2377 iam
666 2343 767 2379 ncrros
776 2329 804 2377 in
815 2328 926 2392 fidibus,
939 2329 1004 2380 aliis

197 2391 295 2509 Eulsis,
305 2406 437 2444 resonare
447 2393 531 2444 alios:
544 2398 700 2463 ostreisque
710 2404 738 2449 et
749 2395 905 2464 conchyliis
917 2399 1006 2449 omni·

219 2475 248 2510 us
261 2461 429 2525 confingere,
439 2469 472 2513 ut
482 2478 544 2513 cum
554 2464 622 2517 luna
632 2468 737 2531 pariter
744 2475 878 2530 crescant,
888 2469 1007 2535 pariter·

199 2543 252 2594 quc
264 2527 436 2583 decrescant:
448 2532 617 2597 arboresque
628 2543 659 2586 ut
669 2535 783 2587 hiemali
790 2542 928 2602 tempore,
944 2552 1010 2590 cuna

156 2605 159 2609 '
199 2596 265 2648 luna
286 2598 367 2649 simul
387 2606 571 2661 senescentes,
592 2604 660 2670 quia
680 2611 739 2658 tum
760 2605 920 2662 exsiccatae
940 2608 1008 2670 sint,

198 2667 364 2736 tempestive
374 2666 454 2722 caedi
464 2673 605 2739 putentur.
