2084 3025
207 137 252 199 50⁴
388 139 444 194 ou
462 140 633 192 Neruas
649 123 833 192 osorum

207 265 240 300 oc
251 248 390 304 voluntate
399 244 501 296 sublati
509 253 573 297 sum
581 260 592 304 ;
602 260 634 296 oc
644 244 756 315 denique
767 261 800 296 ex
807 241 922 313 physica
934 241 1025 296 rutic-

206 336 240 370 rre
250 315 330 369 multi
343 314 490 384 fluxerunt
500 314 605 381 poetici
617 312 677 365 Dii.
699 331 722 365 c.
733 313 775 365 23.
788 330 842 380 seq.
882 313 940 366 Uti
958 314 1027 369 ltuee

159 404 169 414 “
209 388 262 438 duo
271 385 420 438 constituto
432 394 505 447 ruat,
515 383 590 435 Deos
601 400 665 448 erse,
675 393 703 435 ct
713 384 802 451 quotis
813 400 905 435 eorum
916 395 1028 437 maturo

208 457 255 519 sit,
271 453 394 523 sequitur
409 454 558 521 disputatio
573 455 604 505 de
617 453 791 522 providentio
800 453 936 506 Deorum.
977 454 1026 527 Ιζα

209 526 297 578 tribus
306 523 477 594 argumentis
488 524 631 575 asseritur.
646 524 770 575 Primum
782 523 816 575 ab
828 541 856 574 eo
867 523 940 591 ipro,
954 524 1031 592 quod

86 577 88 580 l
108 597 114 602 ”
208 594 261 646 Dii
274 603 347 658 ruat,
368 593 495 653 ducitur;
514 610 542 644 c.
551 592 593 645 30.
605 590 648 646 31.
659 610 697 662 sq.
718 593 928 655 alterutrim,
953 594 1031 664 quod

209 680 297 727 ornum
310 679 353 715 res
368 661 504 714 subiectae
518 669 714 715 enarraturos
729 662 863 725 sentienti,
883 663 920 713 ab
938 675 1030 734 eaque

210 733 300 786 oracio
308 731 489 802 pulcherrime
496 740 634 801 geruntur
640 749 651 792 ,·
662 750 684 784 o.
696 730 737 783 32.
760 732 871 798 tertium
882 740 983 786 cutem
994 752 1030 787 ex

211 802 391 856 admiratione
405 817 496 853 rerum
510 800 666 853 coelestium
681 810 707 852 et
724 802 893 868 terrestrium
910 804 1031 857 arceari-

210 884 266 927 ταν.
299 871 417 926 ,Tertiae
430 870 493 921 huic
503 869 698 938 disputatioair
712 871 792 938 parti
805 870 952 923 eulmmtur
966 884 1029 928 tore·

211 945 268 996 dem
279 960 321 1006 eo,
341 957 410 1009 quae
419 940 501 991 irtam
511 949 618 993 tumtum
629 943 720 1012 rer‘ttm
730 940 891 995 molitionem
899 941 1030 1002 vleontiam

197 1023 307 1065 'eousro
315 1011 428 1084 fuctum
437 1026 500 1071 erac,
516 1011 690 1072 demonstrat,
708 1008 893 1075 hominumque
905 1028 1029 1066 commo-

210 1082 252 1135 dis
266 1079 381 1150 mirifice
392 1096 447 1131 erre
458 1096 475 1130 a
485 1078 545 1131 Deo
560 1079 712 1148 prouisum:
730 1079 809 1148 idque
825 1088 962 1145 quattuor·
980 1100 1030 1137 ar.

208 1152 345 1223 gementis
352 1169 363 1213 ,·
385 1166 497 1217 quorum
510 1145 748 1216 priroom'ductum
759 1158 799 1201 ert
808 1165 825 1200 o
836 1150 963 1217 corpisris
977 1152 1029 1206 ltu-

210 1222 285 1276 mrmi
294 1229 453 1280 carectum
468 1221 586 1271 alterum
597 1237 614 1271 o
622 1218 839 1292 perfectionibus
848 1220 936 1273 animi
942 1240 956 1283 ,·
968 1233 1030 1279 ter-

139 1313 140 1316 *
211 1293 279 1345 tium
289 1292 323 1344 ob
335 1290 471 1354 utilitate,
493 1304 572 1356 quom
583 1304 626 1340 rer
635 1305 718 1359 quam
728 1291 853 1344 coelestes
864 1298 924 1342 tum
934 1302 1030 1347 terre·

210 1358 447 1413 stret-hominibus
468 1360 616 1431 adferunt,·
636 1368 765 1424 quartum
781 1358 891 1427 denique
907 1362 943 1413 cd
961 1364 1029 1417 itto-

112 1465 115 1472 ·
209 1430 421 1508 atriumquibm
431 1427 992 1503 Diicomuluerumt,immicumexemplie.

539 1556 681 1581 ὕ

180 1697 184 1703 ,
211 1643 225 1695 1
243 1637 269 1693 1.
281 1601 373 1701 Quae
385 1653 469 1707 quum
478 1638 564 1690 Cotta
575 1635 710 1702 dixisset,
726 1642 787 1690 tum
796 1635 939 1702 Velleius,
957 1639 1032 1695 Nae

213 1726 277 1779 ego,
292 1711 389 1778 inquit,
408 1710 546 1773 incautus,
562 1709 608 1774 qui
620 1718 680 1759 cum
688 1709 863 1771 Academico,
880 1714 910 1760 ct
921 1710 1034 1764 codem

211 1782 334 1844 rhetore,
353 1777 484 1846 congredi
495 1783 610 1828 conatus
619 1779 690 1833 sim·
717 1778 789 1830 Nam
799 1795 888 1846 nequo
902 1778 1034 1835 indiser-

212 1860 271 1904 tum
284 1848 481 1902 Academicum
491 1847 709 1912 pertimuissem,
731 1864 782 1901 nec
791 1851 853 1906 sine
865 1850 921 1901 ista
930 1850 1034 1917 philo-

214 1919 316 1988 sophia
325 1917 476 1977 rhetorem,
487 1918 612 1982 quamvis
623 1918 808 1986 eloquentem.
837 1919 936 1985 Neque
945 1923 1036 1974 enim

204 1991 325 2053 flumine
336 1986 488 2038 conturbor
497 1987 620 2039 inanium
630 1992 788 2053 verborum,
799 2005 851 2042 nec
861 1990 1035 2046 subtilitate

212 2059 423 2117 sententiarum,
442 2055 466 2105 si
485 2058 619 2110 orationis
635 2065 678 2111 est
696 2061 816 2112 siccitas.
853 2061 897 2112 Tu
916 2067 1036 2128 autem,

137 2149 143 2161 ·
160 2142 187 2156 ⁴
213 2134 311 2190 Cotta,
327 2133 443 2191 utraque
453 2140 483 2177 re
492 2128 621 2181 valuisti:
644 2131 807 2182 ceronatibi
817 2129 967 2183 etiudiccs
981 2132 1036 2186 dc·

211 2199 335 2251 fueruat.
371 2194 426 2249 sed
435 2195 470 2246 ad
480 2197 536 2249 ista
547 2199 626 2250 alias.
663 2199 743 2251 Nuuc
753 2199 906 2262 Lucilium,
928 2201 955 2251 si
970 2203 1038 2271 ipsi

214 2266 387 2324 commodum
399 2270 454 2327 cst,
471 2268 625 2320 audiamus.
662 2270 688 2320 2.
708 2271 781 2320 Tum
795 2270 915 2332 Balbus,
939 2270 1039 2324 Eum-

213 2337 277 2390 dem
289 2336 416 2405 equidem
427 2336 541 2389 mallem
551 2337 648 2390 audire
659 2339 779 2401 Cottam,
801 2339 877 2403 dum,
897 2355 955 2407 qua
969 2343 1040 2395 elo-

212 2408 326 2476 quentia
341 2406 432 2459 ·falscs
442 2405 518 2458 Deos
535 2408 662 2470 sustulit,
683 2408 779 2460 eadem
796 2424 877 2465 veros
894 2409 1036 2465 inducat.

113 2502 118 2516 .
210 2479 263 2530 Est
274 2479 348 2529 enim
359 2483 387 2529 et
401 2474 568 2544 philosophi,
588 2478 789 2543 etpontificis,
812 2485 841 2530 ct
852 2480 974 2545 Cottae,
993 2482 1037 2536 da

210 2548 273 2600 Diis
284 2546 489 2605 immortalibus
500 2544 602 2598 habere
613 2562 667 2598 non
678 2556 815 2600 errantem
827 2556 855 2602 et
866 2566 986 2618 vagam,
997 2559 1039 2604 ut

211 2617 381 2679 Academici,
403 2615 461 2678 sed,
482 2621 512 2666 ut
527 2615 625 2683 nostri,
645 2618 775 2670 stabilem
787 2624 951 2688 certamque
964 2616 1038 2674 sca.

194 2704 196 2709 ’
212 2689 337 2757 tentiam.
372 2684 445 2739 Nam
461 2689 559 2739 contra
573 2685 724 2756 Epicurum
738 2687 806 2740 satis
820 2704 971 2759 superque
989 2692 1038 2744 di·
