2084 3025
182 119 237 176 us
262 107 265 112 ‘
453 121 512 174 nn
532 117 717 173 urricus
755 131 760 140 ⁴

184 224 357 292 reipublicae
368 226 541 288 muneribus,
562 224 663 276 adhoc
677 240 729 276 nos
743 210 868 276 studium
882 220 990 289 potissi·

183 310 261 345 mum
272 295 496 346 contulissemus.
531 296 558 345 7.
577 294 740 347 Occurritur
751 300 844 344 autem
857 292 947 353 nohis,
965 297 992 343 et

184 364 296 432 quidem
313 363 438 414 adustis
458 370 486 416 et
503 364 635 426 eruditis,
655 363 867 430 quaerentibus,
888 362 992 412 satisne

111 443 113 462 ¹
186 440 345 483 constanter
356 433 449 485 iecere
460 432 612 494 videamur,
633 431 690 500 qui,
710 448 794 499 quum
807 431 913 498 percipi
922 428 992 481 nihil

206 516 268 553 osse
280 502 418 564 dicamus,
439 509 533 553 tannen
544 509 572 553 et
584 503 648 553 aliis
660 502 789 555 derebus
801 501 940 552 disserere
949 516 991 551 so·

198 586 306 632 eamus,
326 578 354 623 et
370 570 424 623 hoc
433 572 495 638 ipso
506 577 633 638 tempore
644 577 793 638 praecepta
804 570 891 621 oflicii
921 584 991 620 erse·

186 654 311 707 quamur.
348 642 456 703 Quibus
471 641 571 691 vellem
586 643 656 692 satis
671 642 785 709 cognita
799 646 874 691 esset
933 645 991 688 stra

186 710 333 761 sententia.
370 709 432 761 Non
442 710 515 760 onim
527 726 620 762 sumus
632 712 662 772 ii,
677 726 794 778 quorum
805 716 926 776 rugetur
935 707 990 758 ani·
1032 739 1035 748 ι

185 793 248 830 mus
268 794 375 842 errore,
395 795 446 831 neo
466 779 568 832 habeat
588 778 989 847 uniquam,.quodsequatu1·.

187 848 267 910 Quae
277 849 349 902 enim
361 847 434 901 ess'et
443 849 500 900 ista
510 865 598 910 niens,
612 851 656 900 rel
668 866 739 916 quae
749 849 806 899 vita
817 848 924 913 potius,
937 862 988 896 non

10 905 25 944 '¹
98 948 100 954 ·
186 917 270 969 modo
282 918 444 984 disputandi
459 919 509 970 sed
519 920 632 970 vivendi
646 921 755 971 ratione
766 917 896 968 sublata?
932 916 988 967 h'os

185 994 295 1048 sutem,
314 995 346 1037 ut
356 988 441 1038 ceteri
451 988 507 1038 alia
518 996 607 1051 eertu,
630 989 687 1039 aliu
698 990 805 1038 incerta
815 1003 878 1038 esso
886 986 987 1046 dieunt,

185 1056 235 1118 sie,
246 1056 283 1105 ab
293 1054 336 1106 his
348 1056 555 1119 dissentientes,
575 1058 632 1110 aliu
642 1056 804 1125 probabilia,
823 1067 920 1108 coiitra
932 1054 986 1105 aliu

184 1139 245 1176 esse
256 1124 383 1178 dicimus.
419 1126 444 1176 8.
464 1127 536 1188 Quid
549 1134 591 1177 est
601 1128 697 1194 igitur,
708 1127 781 1195 quod
792 1142 836 1176 me
847 1125 986 1191 impediat,

184 1207 226 1254 es,
237 1192 384 1259 quaemihi
395 1197 555 1260 probabilia
565 1197 720 1258 rideantur,
731 1197 821 1261 sequi;
843 1211 914 1262 quae
925 1210 986 1245 con·

184 1269 237 1324 tra,
247 1264 417 1329 improbare:
429 1272 521 1332 utque,
532 1266 688 1318 affirmandi
699 1266 889 1332 arrogantium
901 1265 986 1314 rituu-

183 1337 256 1395 tem,
277 1331 374 1401 fugere
388 1338 591 1397 teineritatem,
611 1352 682 1403 quae
694 1352 711 1387 a
720 1335 860 1400 sapientia
871 1332 985 1384 dissidet

183 1400 330 1467 plurimum
336 1405 347 1454 ‘l
357 1405 461 1469 Contra
470 1411 562 1456 eutem
574 1406 666 1456 omnia
677 1406 836 1472 disputatur
847 1419 864 1454 a
875 1402 985 1462 nostris,

94 1500 101 1512 ·
184 1471 258 1539 quod
269 1470 321 1525 hoo
332 1474 421 1542 ipsum
434 1475 580 1541 probabile
591 1476 701 1528 elucere
712 1491 766 1526 uon
778 1475 880 1540 possit,
888 1473 943 1525 nisi
952 1484 985 1524 ex

183 1548 301 1608 utraque
313 1553 402 1610 parte,
412 1544 573 1596 caussarum
584 1554 657 1597 esset
670 1545 747 1597 iacta
758 1544 911 1595 contentio.
932 1539 984 1595 seu

182 1608 252 1663 haec
268 1614 418 1678 explanata
432 1616 540 1665 suntin
550 1615 720 1668 Aradernicir
735 1615 841 1665 nostris
855 1613 938 1675 satis,
955 1619 984 1662 ut

91 1710 95 1715 ·
182 1681 314 1744 arbitror,
331 1683 488 1749 diligenter.
510 1686 589 1737 .Tibi
601 1692 704 1748 autem,
720 1686 759 1735 mi
770 1685 877 1747 Cicero,
893 1697 984 1750 quani·

182 1764 263 1815 quatu
276 1751 313 1822 *in
334 1754 528 1820 antiquissima
548 1755 776 1820 nobilissimaque
797 1750 983 1820 philosophia,

182 1819 315 1886 Cratippo
331 1831 460 1885 auctore,
481 1825 614 1886 versaris,
636 1824 673 1874 iis
687 1824 842 1885 simillimo,
863 1825 912 1890 qui
933 1822 984 1872 ista

181 1891 325 1953 praeclara
336 1899 513 1958 pepererunt:
537 1899 630 1945 tannen
649 1890 718 1945 haec
734 1899 845 1954 nostra,
865 1891 984 1942 finitima

180 1958 289 2020 vestris,
301 1961 399 2026 ignota
410 1978 470 2014 esse
480 1963 567 2023 nolui.
603 1962 659 2016 Sed
669 1965 725 2015 iani
735 1963 770 2014 ad
781 1963 914 2015 instituta
924 1975 984 2030 per·

179 2040 286 2094 gamus.

232 2097 279 2148 lll.
296 2099 322 2149 9.
343 2097 467 2166 Quinque
477 2101 565 2169 igitur
573 2102 725 2157 rubonibus
735 2103 888 2169 propositis
900 2096 984 2169 officii

153 2234 159 2243 ἣ
176 2169 369 2233 persequendi,
393 2184 509 2235 quarum
529 2172 599 2225 duae
615 2173 651 2224 ad
672 2175 751 2237 decus
766 2172 983 2239 Icoiiestutempue

180 2236 328 2301 pertinent,
344 2236 415 2289 (luae
425 2240 461 2290 ad
472 2245 610 2294 courmodu
622 2242 710 2304 uitae,
730 2242 830 2311 copies,
850 2238 924 2310 opus
935 2241 983 2313 sa·

179 2306 312 2387 cultatem
335 2307 432 2379 quintu
444 2309 479 2360 ad
490 2312 610 2377 eligendi
620 2311 765 2374 iudicium,
786 2311 810 2364 si
821 2314 930 2379 quondo
942 2325 981 2371 ea,
1015 2310 1017 2313 ’

180 2387 251 2440 quae
267 2375 337 2436 dixi,
356 2393 481 2446 pugnare
497 2381 570 2432 inter
584 2398 612 2433 se
627 2383 798 2434 viderentur:
825 2381 981 2433 honestatis

179 2454 245 2522 pars
260 2443 387 2497 confecta
403 2453 459 2508 est,
481 2463 563 2514 quam
578 2452 690 2518 quidem
704 2453 758 2502 tibi
769 2452 851 2518 cupio
862 2466 924 2503 esso
934 2465 980 2501 no·

178 2512 324 2593 tissimum.
359 2515 423 2566 Hoo
444 2523 551 2580 autem,
584 2519 694 2587 dequo
714 2537 784 2571 nunc
806 2521 927 2587 agimus,
952 2517 981 2571 id

178 2593 267 2645 ipsum
278 2589 334 2644 est,
355 2584 428 2649 quod
438 2585 505 2636 utile
517 2589 683 2653 appellatur.
719 2590 750 2641 lu
761 2605 814 2656 quo
825 2590 908 2656 lapsa
917 2604 981 2641 con·

178 2650 297 2715 suetudo
315 2649 429 2704 deflexit
444 2652 480 2704 de
494 2654 554 2711 via.
573 2660 732 2719 sensimque
747 2674 780 2710 eo
796 2659 918 2711 deducta
930 2664 981 2718 ost,
