2084 3025
152 200 153 203 Ν
183 121 219 176 ιι
446 87 472 133 ⁵
492 122 676 205 nannius

183 239 255 287 rum,
267 239 328 276 eum
336 225 532 280 benevolentia
542 235 571 281 et
581 227 706 291 caritate,
715 241 822 280 summa
827 224 978 279 consensio:

186 310 241 362 qua
252 293 363 361 quidem
374 294 449 347 haud
458 299 532 361 scio,
552 315 600 360 an,
616 306 733 365 excepta
747 298 899 365 sapientia,
917 294 980 347 nihil

84 388 87 392 ·
185 363 284 417 melius
317 363 423 417 homiui
450 368 489 418 sit
514 368 619 421 alliis
648 368 851 420 immortalibus
883 367 981 416 (latum.

184 432 309 487 Divitias
330 435 380 486 alii
399 444 587 503 praeponunt,
607 439 708 489 bonam
728 438 777 489 alii
791 435 981 496 valetudinem,

185 503 236 556 elii
255 506 423 570 potentiam,
445 507 496 558 alii
511 506 644 571 honorem
664 509 744 559 multi
760 508 846 559 etiam
862 506 981 572 volupta-

184 579 237 629 tes,
273 574 436 627 Belluarum
454 576 506 628 hoe
516 578 627 645 quidem
638 585 792 629 extremum
804 583 861 628 est:
881 576 933 626 illa
942 588 983 625 aa·

125 679 137 686 -
185 644 243 695 tem
258 645 403 710 superiora
417 647 524 698 caduca
537 653 566 698 et
581 648 702 710 incerta,
723 648 817 715 posita
826 662 883 696 non
893 644 984 696 tamin

125 764 130 771 ,
184 715 290 764 nostris
302 715 439 778 consiliis,
459 730 541 784 quam
550 717 581 768 in
591 715 721 769 fortunae
732 717 901 769 temeritate.
936 711 986 775 uui

186 788 281 835 autern
291 783 320 835 in
330 784 434 837 rirtme
445 802 583 838 summum
594 786 696 838 bonum
705 792 824 854 ponunt,
845 783 985 852 praeclare

185 852 231 904 illi
242 852 366 920 quidem:
382 854 431 907 sed
443 854 511 909 haee
520 857 582 924 ipsa
591 855 690 908 Virtus
701 857 853 908 amicitiam
865 852 986 923 &gignit

125 923 129 931 '
187 928 215 974 et
227 923 364 975 continet:
384 941 435 976 nee
444 927 503 977 sine
514 928 618 978 virtute
633 928 758 978 amicitia
768 941 829 978 esse
839 926 902 976 ullo
912 927 985 991 paeto

186 998 289 1059 potest.
324 991 366 1044 21.
381 995 440 1046 lam
451 997 584 1047 virtutem
595 1011 630 1047 ex
640 988 839 1047 consuetudine
850 997 928 1046 ritae
937 1005 987 1044 ser·

101 1100 103 1111 .
185 1061 333 1128 moeniaque
341 1065 430 1115 nostri
439 1064 666 1132 interpretemur:
688 1081 819 1128 neceam,
838 1063 998 1132 utquidam*

188 1129 279 1192 (loeti,
298 1131 447 1185 verborum
464 1135 671 1203 magnificentia
680 1137 840 1187 metiamur:
862 1136 987 1199 virosque

187 1199 276 1250 bonos
288 1214 345 1263 eos,
364 1204 412 1269 qui
421 1204 566 1269 habentur,
575 1220 759 1268 numeremus,
776 1204 902 1267 Paullus,
914 1205 986 1255 Cato·

187 1282 251 1331 nes,
267 1268 379 1335 Gallos,
395 1271 553 1341 Scipiones,
573 1273 679 1327 Philos:
700 1274 745 1327 his
762 1275 921 1328 eommunis
935 1273 987 1323 vita

186 1345 320 1393 eontenta
331 1350 387 1393 est:
406 1359 454 1395 eos
464 1352 558 1396 autem
569 1345 739 1408 omittamus,
749 1344 796 1412 qui
807 1345 922 1396 omnino
932 1356 988 1392 nus·

189 1422 271 1475 quam
282 1413 467 1477 reperiuntur.
478 1460 480 1465 ,
496 1415 589 1466 ‘Tales
601 1415 688 1481 igitur
698 1415 770 1466 inter
780 1415 855 1466 viros
869 1411 988 1466 amicitia

187 1482 283 1530 tantas
294 1484 518 1549 opporttmitates
529 1482 744 1553 habet,quantas
755 1485 884 1552 vixqueo
891 1483 986 1536 dicere.

186 1548 228 1629 22.
247 1547 405 1619 Principio,
421 1555 822 1621 euipotestesseoitovitalis,
843 1562 876 1606 ut
888 1556 929 1606 ait
939 1553 987 1603 En·
1027 1613 1028 1616 Ἴ

184 1632 262 1680 nius,
284 1621 332 1687 qui
346 1638 401 1674 non
418 1623 446 1674 in
457 1625 542 1676 amici
551 1632 648 1678 mutue
657 1625 852 1678 benevolentia
863 1622 986 1691 conquie-

184 1687 262 1739 scatl
284 1690 358 1751 Quid
370 1692 486 1757 dulcius,
501 1709 584 1762 quam
595 1694 705 1760 habere,
717 1695 827 1763 quicum
838 1695 934 1745 omnia
944 1704 986 1742 au·

185 1756 252 1839 fleas
266 1759 310 1811 sio
323 1762 416 1829 loqui,
436 1769 468 1814 ut
478 1764 588 1824 tecuml
608 1765 676 1826 Quis
690 1771 764 1817 esset
774 1771 870 1816 tantus
881 1764 985 1815 fructus

183 1841 214 1876 ιιι
225 1832 365 1895 prosperis
375 1831 466 1894 rebus,
477 1834 531 1884 nisi
541 1832 666 1897 haberes,
677 1835 726 1902 qui
735 1836 793 1886 illis
806 1850 905 1901 aeque,
916 1848 947 1883 ae
958 1837 985 1880 tu

182 1895 258 1961 ipse,
277 1900 431 1968 gauderet?
449 1902 589 1956 Adversas
610 1920 676 1956 vero
696 1903 772 1956 ferre
786 1903 900 1955 difficile
917 1905 985 1953 esset

183 1966 243 2048 sine
253 1983 296 2031 eo,
308 1971 355 2037 qui
364 1970 429 2022 illas
441 1973 554 2039 gravius
566 1975 659 2036 etiam,
673 1990 756 2042 quam
767 1980 807 2035 tu,
819 1972 916 2025 ferret.
934 1971 984 2022 ne·

182 2050 266 2103 mque
276 2045 385 2091 ceterae
396 2055 450 2104 res,
471 2057 543 2108 quae
555 2050 728 2110 expetuntur,
739 2048 914 2110 opportunae
924 2043 983 2091 suut

182 2105 310 2174 singulae
319 2111 403 2161 rebus
413 2108 472 2162 fere
482 2112 611 2179 singulis:
621 2112 749 2176 'divitiae
760 2119 792 2164 ut
803 2119 897 2164 utare:
914 2123 983 2176 opes,

181 2176 330 2229 uteolare:
349 2176 482 2243 honores,
498 2189 530 2233 ut
540 2181 668 2235 laudere:
689 2183 863 2249 voluptates,
882 2186 982 2247 negau-

182 2243 266 2296 ‹leasz
288 2247 436 2311 valetudo,
454 2256 486 2300 ut
497 2251 595 2304 dolore
607 2268 704 2306 careas
719 2258 748 2304 et
759 2247 983 2303 muneribustun·

179 2327 248 2381 garo
259 2317 398 2384 eorporis:
419 2319 600 2375 amicitiores
610 2324 743 2390 plurimas
754 2322 889 2374 eontinet.
914 2317 983 2379 Quo·

181 2398 237 2454 quo
255 2388 432 2450 tenerioris,
454 2398 567 2455 praesto
580 2400 634 2443 est:
655 2393 733 2444 nullo
743 2392 806 2443 loeo
818 2388 983 2442 excluditur:

92 2468 98 2490 e
148 2503 153 2509 ,
181 2455 542 2522 noniquamintempestira,
557 2478 705 2529 numquam
716 2462 836 2514 molesta
846 2465 898 2512 est.
932 2458 983 2509 lta·

181 2534 235 2585 que
246 2538 301 2574 non
313 2539 393 2592 aqua,
413 2542 469 2578 non
479 2528 547 2596 igni,
569 2538 601 2582 ut
612 2533 700 2594 aiunt,
715 2531 840 2599 pluribus
851 2529 922 2580 loeis
933 2525 982 2577 uti·

179 2599 250 2658 mur,
262 2605 345 2658 quam
357 2594 489 2648 amicitia.
517 2598 615 2666 Neque
626 2615 678 2668 ego
689 2617 760 2653 nune
770 2600 805 2651 ‹le
816 2598 925 2664 vulgari
936 2600 983 2647 aut

181 2652 216 2706 ‹le
227 2660 377 2729 mediocri,
399 2679 471 2732 quae
479 2670 572 2721 tamen
582 2671 645 2739 ipsa
655 2676 684 2724 et
695 2670 815 2725 delectat
825 2674 853 2720 et
862 2666 983 2737 prodent,
