2084 3025
116 131 222 231 '200
288 205 298 211 -
438 178 495 231 nr
515 164 703 232 LEGIBUS

169 297 227 345 eos,
238 282 287 349 qui
298 282 326 334 ei
335 284 441 335 muneri
455 283 646 350 praefuerunt,
665 283 790 336 universi
798 283 869 336 iuris
879 298 971 353 exper-

168 359 210 405 tes
221 351 308 404 fuisse
319 354 457 417 existimo,
467 355 518 406 sed
529 354 583 406 hoc
594 355 676 406 civile
687 355 761 422 quod
771 362 883 418 vocant,
902 362 972 407 eote·

169 438 221 474 nus
243 429 439 485 exercuerunt,
461 424 554 491 quoad
573 424 708 492 populum
723 431 868 492 praestare
882 426 973 477 volne-

171 497 246 544 runt.
282 493 313 544 ld
324 498 417 546 autem
426 494 600 562 incognitum
612 502 655 547 est
667 496 769 558 minus,
792 510 874 561 quam
885 494 914 545 in
924 509 975 545 usu

172 563 367 615 necessarium.
403 565 592 626 Quamobrem
604 581 658 632 quo
670 581 714 618 me
729 555 832 616 vocas‘l
852 568 902 616 aut
911 562 976 631 quid

171 631 312 684 hortaris?
331 640 362 684 ut
375 633 489 686 libellos
506 635 652 686 conficiam
673 634 711 686 de'
723 634 929 686 stillicidiorum
944 648 977 686 oc

171 702 206 755 de
216 704 354 769 parietum
364 704 443 756 iurel
453 711 501 755 aut
509 712 541 756 ut
550 703 762 772 stipulationum
774 710 804 756 et
813 704 977 754 iudiciorum

171 772 309 825 formulas
325 774 508 841 componaml
528 791 600 842 quae
610 781 638 826 et
649 776 757 841 scripta
770 779 836 824 sunt
852 786 869 824 a
883 772 977 823 multis

172 845 330 911 diligenter,
342 851 370 896 et
380 850 445 895 sunt
455 844 614 908 humiliora,
621 860 708 912 quam
719 845 778 906 illa,
790 859 862 911 quae
872 857 890 893 a
899 842 977 893 robis

172 914 331 981 exspectari
341 919 418 981 puto.
447 913 481 967 V.
493 913 535 968 15.
553 917 633 967 Arr.
652 915 743 983 Atqui,
754 916 779 976 si
790 927 915 982 quaeres,
926 923 978 980 ego

173 985 238 1053 quid
256 989 428 1051 exspectem:
449 987 581 1052 quoniam
600 986 733 1053 scriptum
744 991 787 1036 est
798 988 854 1036 ate
865 983 900 1034 de
910 982 979 1049 opti·
1015 984 1018 989 ⁴

172 1070 219 1111 mo
240 1055 413 1121 reipublicae
433 1062 522 1117 statu,
542 1071 711 1123 consequens
727 1069 788 1106 esse
803 1053 929 1114 videtur,
948 1056 981 1102 ut

173 1124 281 1176 scribas
296 1130 328 1175 tu
342 1124 416 1177 idem
432 1124 467 1177 de
477 1125 596 1193 legibus.
633 1124 680 1177 Sic
695 1125 768 1177 eninr
784 1123 884 1176 fecisse
896 1121 980 1173 tideo

172 1192 319 1247 Platonem
330 1194 410 1245 illum
420 1200 596 1262 tuum,quem
606 1201 638 1246 tu
645 1194 802 1256 admiraris,
807 1208 889 1261 quem
895 1190 982 1243 omni·

172 1264 224 1317 bus
235 1264 390 1331 anteponis,
412 1281 493 1332 quem
504 1266 625 1318 maxime
636 1264 739 1332 diligis.
775 1264 815 1315 M.
834 1261 921 1314 Visne
931 1260 982 1329 igi·

171 1340 232 1398 tur,
251 1335 341 1387 utille
352 1336 433 1387 Crete
446 1351 509 1387 oum
519 1336 623 1398 Clinia,
646 1341 674 1387 et
684 1332 981 1386 eumLaceduemonio

171 1403 307 1474 Megillo,
328 1407 444 1467 aestivo,
466 1406 698 1474 quemadmodum
710 1404 854 1466 describit,
876 1402 937 1466 die,
953 1402 983 1455 in

173 1477 342 1543 cupressctis
354 1476 518 1529 Gnosiorum
529 1483 558 1529 et
570 1476 668 1546 spatiis
679 1474 861 1536 silvestribus,
885 1474 983 1527 erebro

171 1547 313 1609 insistens,
333 1546 474 1599 interdum
487 1548 673 1614 acquiescens,
695 1546 729 1597 de
740 1546 880 1597 institutis
889 1559 985 1597 rerum

172 1617 347 1684 publicarum
364 1633 398 1669 ac
413 1617 448 1670 de
463 1617 579 1683 optimis
595 1617 705 1683 legibus
720 1616 856 1698 disputat:
880 1614 986 1666 sicnus

170 1687 245 1739 inter
260 1685 310 1738 has
327 1688 536 1754 procerissimus
548 1687 680 1756 populos,
700 1687 729 1737 in
745 1685 828 1737 viridi
839 1698 986 1752 opacaque

170 1758 234 1825 ripa
252 1757 474 1819 inambulantes,
495 1765 553 1808 tum
571 1756 663 1809 autem
677 1757 847 1816 residentes,
869 1768 987 1822 quaera-

171 1840 233 1879 mus
243 1828 341 1879 iisdem
354 1827 389 1880 de
406 1828 490 1880 rebus
502 1826 607 1893 aliquid
618 1828 746 1890 uberius,
765 1840 849 1893 qnam
860 1824 987 1876 forensis

171 1913 238 1949 usus
250 1896 408 1948 desiderati
444 1894 486 1948 16.
506 1899 585 1948 ΑΜ,
604 1896 666 1962 Ego
682 1910 748 1948 vero
760 1897 817 1947 ista
828 1894 930 1947 audire
941 1908 987 1945 eu·

171 1967 227 2034 pio.
263 1965 303 2017 M.
322 1966 395 2028 Quid
411 1964 601 2028 aitQuintusl
636 1966 670 2026 Q.
692 1964 779 2017 Nulla
790 1966 824 2017 de
839 1979 870 2015 re
882 1963 985 2032 magis.

73 2075 77 2078 2
169 2037 210 2089 M.
229 2035 266 2086 Et
275 2042 352 2088 recte
363 2036 483 2103 quidem.
520 2035 592 2088 Nam
603 2035 644 2087 sic
655 2034 794 2098 habetote,
808 2034 889 2086 nullo
900 2035 930 2085 in
942 2048 987 2100 ge

170 2121 236 2159 nere
247 2106 406 2173 disputandi
419 2107 508 2175 megis
518 2104 636 2158 honeste
645 2106 788 2173 patelieri,
808 2104 875 2173 quid
886 2105 927 2156 sit
937 2102 988 2155 ho-

170 2176 238 2229 mini
253 2176 388 2228 tributum
405 2183 518 2240 natura,
539 2181 671 2243 quantam
685 2177 742 2227 rim
757 2191 851 2227 rerum
863 2175 989 2243 optima·

169 2262 231 2299 rum
248 2261 325 2299 mens
341 2246 463 2300 humano
474 2248 628 2312 contineat,
647 2247 725 2299 euius
737 2246 858 2298 muneris
870 2242 990 2297 colendi

171 2315 364 2384 efficiendique
385 2333 485 2369 caussa
506 2319 567 2369 nati
588 2324 618 2370 et
636 2318 665 2368 in
684 2318 773 2369 lucem
791 2316 862 2369 editi
883 2316 989 2376 simus,

170 2401 241 2454 quae
252 2383 288 2437 sit
298 2387 455 2450 coniunctio
467 2386 620 2450 hominum,
630 2401 701 2455 quae
710 2387 847 2439 naturalis
858 2385 991 2438 societas

169 2456 242 2507 inter
252 2456 335 2523 ipsos.
369 2456 423 2507 His
435 2457 507 2508 enim
519 2458 676 2524 explicatis,
687 2457 750 2509 fons
760 2457 856 2524 legum
869 2461 900 2509 et
911 2455 991 2507 iuris

166 2525 286 2592 inveniri
298 2532 399 2592 potest.
436 2522 478 2578 17.
495 2527 577 2579 A'rr.
589 2527 652 2579 Non
663 2542 730 2595 ergo
743 2526 916 2578 aPraetoris
930 2525 993 2576 edi·

169 2601 228 2658 eto,
249 2602 281 2647 nt
293 2595 417 2662 plerique
427 2612 512 2657 nunc,
532 2612 651 2663 nequeo
665 2613 718 2649 ιιι
728 2597 843 2656 tabulis,
858 2601 893 2646 ut
903 2610 993 2661 supe·

169 2664 267 2726 riores,
279 2663 328 2716 sed
339 2665 448 2732 penitus
459 2680 493 2716 ex
503 2665 605 2717 intima
614 2664 792 2732 philosophia
798 2664 993 2717 hauriendam

168 2732 235 2785 luris
248 2735 424 2803 disciplinam
434 2740 526 2802 putas.
562 2734 602 2787 M.
621 2736 686 2789 Nou
697 2737 770 2791 euim
779 2735 809 2786 id
820 2736 993 2803 quaerimus
