<?xml version="1.0" encoding="UTF-8"?>
<!DOCTYPE html PUBLIC "-//W3C//DTD XHTML 1.0 Transitional//EN"
    "http://www.w3.org/TR/xhtml1/DTD/xhtml1-transitional.dtd">
<html xmlns="http://www.w3.org/1999/xhtml" xml:lang="en" lang="en">
 <head>
  <title>
</title>
<meta http-equiv="Content-Type" content="text/html;charset=utf-8" />
  <meta name='ocr-system' content='tesseract 3.04.00' />
  <meta name='ocr-capabilities' content='ocr_page ocr_carea ocr_par ocr_line ocrx_word'/>
</head>
<body>
  <div class='ocr_page' id='page_1' title='image "./opera00nobbgoog/opera00nobbgoog_0050.png"; bbox 0 0 2084 3025; ppageno 0'>
   <div class='ocr_carea' id='block_1_1' title="bbox 200 79 850 188">
    <p class='ocr_par' dir='ltr' id='par_1_1' title="bbox 200 79 850 188">
     <span class='ocr_line' id='line_1_1' title="bbox 200 79 850 188; baseline -0.008 -7"><span class='ocrx_word' id='word_1_1' title='bbox 200 126 237 188; x_wconf 89' lang='lat' dir='ltr'><strong>1o</strong></span> <span class='ocrx_word' id='word_1_2' title='bbox 382 123 437 179; x_wconf 79' lang='lat' dir='ltr'><strong>ms</strong></span> <span class='ocrx_word' id='word_1_3' title='bbox 454 111 823 188; x_wconf 67' lang='lat' dir='ltr'><strong>assumptorum</strong></span> <span class='ocrx_word' id='word_1_4' title='bbox 848 79 850 84; x_wconf 41' lang='lat'><em>&#39;</em></span> 
     </span>
    </p>
   </div>
   <div class='ocr_carea' id='block_1_2' title="bbox 107 209 1028 297">
    <p class='ocr_par' dir='ltr' id='par_1_2' title="bbox 107 209 1028 297">
     <span class='ocr_line' id='line_1_2' title="bbox 107 209 1028 297; baseline -0.002 -17"><span class='ocrx_word' id='word_1_5' title='bbox 107 247 109 250; x_wconf 63' lang='grc'>’</span> <span class='ocrx_word' id='word_1_6' title='bbox 199 243 254 296; x_wconf 81' lang='lat' dir='ltr'><strong>que</strong></span> <span class='ocrx_word' id='word_1_7' title='bbox 272 226 379 291; x_wconf 74' lang='lat' dir='ltr'><strong>videor,</strong></span> <span class='ocrx_word' id='word_1_8' title='bbox 398 228 525 297; x_wconf 87' lang='lat' dir='ltr'><strong>inquam,</strong></span> <span class='ocrx_word' id='word_1_9' title='bbox 545 219 667 294; x_wconf 79' lang='lat' dir='ltr'><strong>venisse,</strong></span> <span class='ocrx_word' id='word_1_10' title='bbox 686 209 822 291; x_wconf 87' lang='lat' dir='ltr'><strong>utdicis,</strong></span> <span class='ocrx_word' id='word_1_11' title='bbox 841 229 1005 296; x_wconf 87' lang='lat' dir='ltr'><strong>opportune.</strong></span> <span class='ocrx_word' id='word_1_12' title='bbox 1026 262 1028 268; x_wconf 27' lang='grc' dir='ltr'><strong><em>ι</em></strong></span> 
     </span>
    </p>
   </div>
   <div class='ocr_carea' id='block_1_3' title="bbox 132 297 1028 1128">
    <p class='ocr_par' dir='ltr' id='par_1_3' title="bbox 132 297 1028 1128">
     <span class='ocr_line' id='line_1_3' title="bbox 132 297 1005 366; baseline -0.006 -15"><span class='ocrx_word' id='word_1_13' title='bbox 132 333 134 338; x_wconf 85' lang='lat'><strong>.</strong></span> <span class='ocrx_word' id='word_1_14' title='bbox 199 299 270 351; x_wconf 82' lang='lat' dir='ltr'><strong>Tres</strong></span> <span class='ocrx_word' id='word_1_15' title='bbox 281 298 352 349; x_wconf 88' lang='lat' dir='ltr'><strong>enim</strong></span> <span class='ocrx_word' id='word_1_16' title='bbox 362 298 446 349; x_wconf 83' lang='lat' dir='ltr'><strong>trium</strong></span> <span class='ocrx_word' id='word_1_17' title='bbox 456 298 665 366; x_wconf 87' lang='lat' dir='ltr'><strong>disciplinarum</strong></span> <span class='ocrx_word' id='word_1_18' title='bbox 676 300 817 366; x_wconf 82' lang='lat' dir='ltr'><strong>principes</strong></span> <span class='ocrx_word' id='word_1_19' title='bbox 829 297 1005 350; x_wconf 84' lang='lat' dir='ltr'><strong>convenistis.</strong></span> 
     </span>
     <span class='ocr_line' id='line_1_4' title="bbox 199 365 1028 435; baseline -0.005 -16"><span class='ocrx_word' id='word_1_20' title='bbox 199 365 242 419; x_wconf 85' lang='grc' dir='ltr'><strong>Μ.</strong></span> <span class='ocrx_word' id='word_1_21' title='bbox 253 366 320 418; x_wconf 89' lang='lat' dir='ltr'><strong>Piso</strong></span> <span class='ocrx_word' id='word_1_22' title='bbox 330 367 355 417; x_wconf 87' lang='lat' dir='ltr'><strong>si</strong></span> <span class='ocrx_word' id='word_1_23' title='bbox 368 368 487 430; x_wconf 75' lang='lat' dir='ltr'><strong>adesset,</strong></span> <span class='ocrx_word' id='word_1_24' title='bbox 506 369 611 419; x_wconf 88' lang='lat' dir='ltr'><strong>nullius</strong></span> <span class='ocrx_word' id='word_1_25' title='bbox 621 367 823 435; x_wconf 79' lang='lat' dir='ltr'>philosophiae,</span> <span class='ocrx_word' id='word_1_26' title='bbox 841 383 936 419; x_wconf 89' lang='lat' dir='ltr'><strong>earum</strong></span> <span class='ocrx_word' id='word_1_27' title='bbox 948 366 1006 433; x_wconf 86' lang='lat' dir='ltr'><strong>qui·</strong></span> <span class='ocrx_word' id='word_1_28' title='bbox 1027 399 1028 402; x_wconf 55' lang='lat'><em>=</em></span> 
     </span>
     <span class='ocr_line' id='line_1_5' title="bbox 201 436 1028 503; baseline -0.006 -13"><span class='ocrx_word' id='word_1_29' title='bbox 201 436 273 499; x_wconf 82' lang='lat' dir='ltr'><strong>dem,</strong></span> <span class='ocrx_word' id='word_1_30' title='bbox 286 451 355 503; x_wconf 87' lang='lat' dir='ltr'><strong>quae</strong></span> <span class='ocrx_word' id='word_1_31' title='bbox 365 437 395 487; x_wconf 92' lang='lat' dir='ltr'><strong>in</strong></span> <span class='ocrx_word' id='word_1_32' title='bbox 405 436 510 489; x_wconf 89' lang='lat' dir='ltr'><strong>honore</strong></span> <span class='ocrx_word' id='word_1_33' title='bbox 522 444 595 500; x_wconf 83' lang='lat' dir='ltr'><strong>sunt,</strong></span> <span class='ocrx_word' id='word_1_34' title='bbox 606 444 721 490; x_wconf 82' lang='lat' dir='ltr'><strong>vacaret</strong></span> <span class='ocrx_word' id='word_1_35' title='bbox 730 439 817 489; x_wconf 90' lang='lat' dir='ltr'><strong>locus.</strong></span> <span class='ocrx_word' id='word_1_36' title='bbox 828 439 902 489; x_wconf 87' lang='lat' dir='ltr'><strong>Tum</strong></span> <span class='ocrx_word' id='word_1_37' title='bbox 911 438 1005 495; x_wconf 81' lang='lat' dir='ltr'><strong>Cotta,</strong></span> <span class='ocrx_word' id='word_1_38' title='bbox 1027 443 1028 446; x_wconf 75' lang='grc'>’</span> 
     </span>
     <span class='ocr_line' id='line_1_6' title="bbox 201 501 1007 573; baseline -0.005 -14"><span class='ocrx_word' id='word_1_39' title='bbox 201 501 244 570; x_wconf 83' lang='lat' dir='ltr'><strong>Si,</strong></span> <span class='ocrx_word' id='word_1_40' title='bbox 253 507 360 572; x_wconf 85' lang='lat' dir='ltr'><strong>inquit,</strong></span> <span class='ocrx_word' id='word_1_41' title='bbox 378 507 449 559; x_wconf 87' lang='lat' dir='ltr'><strong>liber</strong></span> <span class='ocrx_word' id='word_1_42' title='bbox 459 507 589 558; x_wconf 80' lang='lat' dir='ltr'><strong>Antiochi</strong></span> <span class='ocrx_word' id='word_1_43' title='bbox 603 508 705 571; x_wconf 85' lang='lat' dir='ltr'><strong>nostri,</strong></span> <span class='ocrx_word' id='word_1_44' title='bbox 724 507 773 573; x_wconf 86' lang='lat' dir='ltr'><strong>qui</strong></span> <span class='ocrx_word' id='word_1_45' title='bbox 783 507 817 557; x_wconf 89' lang='lat' dir='ltr'><strong>ab</strong></span> <span class='ocrx_word' id='word_1_46' title='bbox 828 521 861 559; x_wconf 90' lang='lat' dir='ltr'><strong>eo</strong></span> <span class='ocrx_word' id='word_1_47' title='bbox 872 519 961 571; x_wconf 89' lang='lat' dir='ltr'><strong>nuper</strong></span> <span class='ocrx_word' id='word_1_48' title='bbox 972 504 1007 556; x_wconf 89' lang='lat' dir='ltr'><strong>ad</strong></span> 
     </span>
     <span class='ocr_line' id='line_1_7' title="bbox 201 572 1004 644; baseline -0.002 -17"><span class='ocrx_word' id='word_1_49' title='bbox 201 572 273 627; x_wconf 89' lang='lat' dir='ltr'><strong>hune</strong></span> <span class='ocrx_word' id='word_1_50' title='bbox 288 574 405 628; x_wconf 79' lang='lat' dir='ltr'>Balbum</span> <span class='ocrx_word' id='word_1_51' title='bbox 428 578 529 628; x_wconf 89' lang='lat' dir='ltr'><strong>missus</strong></span> <span class='ocrx_word' id='word_1_52' title='bbox 545 583 601 641; x_wconf 89' lang='lat' dir='ltr'><strong>est,</strong></span> <span class='ocrx_word' id='word_1_53' title='bbox 622 592 690 630; x_wconf 85' lang='lat' dir='ltr'><strong>vera</strong></span> <span class='ocrx_word' id='word_1_54' title='bbox 709 577 846 644; x_wconf 83' lang='lat' dir='ltr'><strong>loquitur3</strong></span> <span class='ocrx_word' id='word_1_55' title='bbox 869 573 940 624; x_wconf 90' lang='lat' dir='ltr'><strong>nihil</strong></span> <span class='ocrx_word' id='word_1_56' title='bbox 952 580 1004 636; x_wconf 88' lang='lat' dir='ltr'><strong>est,</strong></span> 
     </span>
     <span class='ocr_line' id='line_1_8' title="bbox 201 639 1008 712; baseline -0.001 -18"><span class='ocrx_word' id='word_1_57' title='bbox 201 642 276 712; x_wconf 82' lang='lat' dir='ltr'><strong>quod</strong></span> <span class='ocrx_word' id='word_1_58' title='bbox 285 639 428 707; x_wconf 75' lang='lat' dir='ltr'><strong>Pisonem,</strong></span> <span class='ocrx_word' id='word_1_59' title='bbox 443 644 610 698; x_wconf 82' lang='lat' dir='ltr'><strong>familiarem</strong></span> <span class='ocrx_word' id='word_1_60' title='bbox 626 652 712 709; x_wconf 87' lang='lat' dir='ltr'><strong>taum,</strong></span> <span class='ocrx_word' id='word_1_61' title='bbox 728 645 878 697; x_wconf 85' lang='lat' dir='ltr'><strong>desideres.</strong></span> <span class='ocrx_word' id='word_1_62' title='bbox 912 644 1008 694; x_wconf 79' lang='lat' dir='ltr'><strong>Antio·</strong></span> 
     </span>
     <span class='ocr_line' id='line_1_9' title="bbox 202 712 1009 783; baseline -0.006 -15"><span class='ocrx_word' id='word_1_63' title='bbox 202 713 254 768; x_wconf 83' lang='lat' dir='ltr'><strong>cho</strong></span> <span class='ocrx_word' id='word_1_64' title='bbox 272 714 346 765; x_wconf 90' lang='lat' dir='ltr'><strong>enim</strong></span> <span class='ocrx_word' id='word_1_65' title='bbox 357 713 444 765; x_wconf 85' lang='lat' dir='ltr'><strong>Stoici</strong></span> <span class='ocrx_word' id='word_1_66' title='bbox 465 731 527 766; x_wconf 90' lang='lat' dir='ltr'><strong>cum</strong></span> <span class='ocrx_word' id='word_1_67' title='bbox 545 716 740 783; x_wconf 78' lang='lat' dir='ltr'><strong>Peripateticis</strong></span> <span class='ocrx_word' id='word_1_68' title='bbox 761 730 791 766; x_wconf 85' lang='lat' dir='ltr'><strong>re</strong></span> <span class='ocrx_word' id='word_1_69' title='bbox 808 714 953 765; x_wconf 78' lang='lat' dir='ltr'><strong>concinere</strong></span> <span class='ocrx_word' id='word_1_70' title='bbox 969 712 1009 763; x_wconf 90' lang='lat' dir='ltr'><strong>vl·</strong></span> 
     </span>
     <span class='ocr_line' id='line_1_10' title="bbox 202 778 1008 852; baseline -0.007 -15"><span class='ocrx_word' id='word_1_71' title='bbox 202 782 315 846; x_wconf 86' lang='lat' dir='ltr'><strong>dentur,</strong></span> <span class='ocrx_word' id='word_1_72' title='bbox 334 784 428 835; x_wconf 85' lang='lat' dir='ltr'><strong>verbis</strong></span> <span class='ocrx_word' id='word_1_73' title='bbox 440 784 620 851; x_wconf 54' lang='lat' dir='ltr'><strong>discreparet</strong></span> <span class='ocrx_word' id='word_1_74' title='bbox 634 785 734 852; x_wconf 78' lang='lat' dir='ltr'><strong>quade</strong></span> <span class='ocrx_word' id='word_1_75' title='bbox 749 784 822 835; x_wconf 86' lang='lat' dir='ltr'><strong>libro</strong></span> <span class='ocrx_word' id='word_1_76' title='bbox 831 778 915 835; x_wconf 78' lang='lat' dir='ltr'><strong>veliin</strong></span> <span class='ocrx_word' id='word_1_77' title='bbox 925 780 1008 843; x_wconf 86' lang='lat' dir='ltr'><strong>seire,</strong></span> 
     </span>
     <span class='ocr_line' id='line_1_11' title="bbox 201 851 1008 922; baseline -0.006 -16"><span class='ocrx_word' id='word_1_78' title='bbox 201 851 298 914; x_wconf 89' lang='lat' dir='ltr'><strong>Balbe,</strong></span> <span class='ocrx_word' id='word_1_79' title='bbox 311 853 376 919; x_wconf 86' lang='lat' dir='ltr'><strong>quid</strong></span> <span class='ocrx_word' id='word_1_80' title='bbox 388 854 500 906; x_wconf 85' lang='lat' dir='ltr'><strong>sentias.</strong></span> <span class='ocrx_word' id='word_1_81' title='bbox 528 854 644 922; x_wconf 65' lang='lat' dir='ltr'><strong>Egone?</strong></span> <span class='ocrx_word' id='word_1_82' title='bbox 661 855 752 922; x_wconf 90' lang='lat' dir='ltr'><strong>inquit</strong></span> <span class='ocrx_word' id='word_1_83' title='bbox 761 853 820 905; x_wconf 85' lang='lat' dir='ltr'><strong>ille.</strong></span> <span class='ocrx_word' id='word_1_84' title='bbox 848 852 946 913; x_wconf 87' lang='lat' dir='ltr'><strong>Miror,</strong></span> <span class='ocrx_word' id='word_1_85' title='bbox 957 852 1008 901; x_wconf 84' lang='lat' dir='ltr'><strong>An·</strong></span> 
     </span>
     <span class='ocr_line' id='line_1_12' title="bbox 201 920 1028 989; baseline -0.004 -16"><span class='ocrx_word' id='word_1_86' title='bbox 201 921 334 984; x_wconf 85' lang='lat' dir='ltr'><strong>tiochum,</strong></span> <span class='ocrx_word' id='word_1_87' title='bbox 345 921 483 975; x_wconf 85' lang='lat' dir='ltr'><strong>hominem</strong></span> <span class='ocrx_word' id='word_1_88' title='bbox 492 923 522 973; x_wconf 91' lang='lat' dir='ltr'><strong>in</strong></span> <span class='ocrx_word' id='word_1_89' title='bbox 533 925 631 989; x_wconf 87' lang='lat' dir='ltr'><strong>primis</strong></span> <span class='ocrx_word' id='word_1_90' title='bbox 643 930 762 986; x_wconf 86' lang='lat' dir='ltr'><strong>acutum,</strong></span> <span class='ocrx_word' id='word_1_91' title='bbox 778 938 833 973; x_wconf 91' lang='lat' dir='ltr'><strong>non</strong></span> <span class='ocrx_word' id='word_1_92' title='bbox 842 921 954 983; x_wconf 61' lang='lat' dir='ltr'><strong>ddisse,</strong></span> <span class='ocrx_word' id='word_1_93' title='bbox 970 920 1010 970; x_wconf 56' lang='lat' dir='ltr'><strong>ina</strong></span> <span class='ocrx_word' id='word_1_94' title='bbox 1027 925 1028 928; x_wconf 78' lang='grc'>’</span> 
     </span>
     <span class='ocr_line' id='line_1_13' title="bbox 201 989 1008 1058; baseline -0.007 -14"><span class='ocrx_word' id='word_1_95' title='bbox 201 997 307 1044; x_wconf 79' lang='lat' dir='ltr'><strong>teresse</strong></span> <span class='ocrx_word' id='word_1_96' title='bbox 322 991 471 1057; x_wconf 88' lang='lat' dir='ltr'><strong>plurimum</strong></span> <span class='ocrx_word' id='word_1_97' title='bbox 479 993 560 1044; x_wconf 78' lang='lat' dir='ltr'><strong>inter</strong></span> <span class='ocrx_word' id='word_1_98' title='bbox 574 991 696 1054; x_wconf 84' lang='lat' dir='ltr'><strong>Stoicos,</strong></span> <span class='ocrx_word' id='word_1_99' title='bbox 718 992 764 1058; x_wconf 89' lang='lat' dir='ltr'><strong>qui</strong></span> <span class='ocrx_word' id='word_1_100' title='bbox 780 989 896 1042; x_wconf 86' lang='lat' dir='ltr'><strong>honesta</strong></span> <span class='ocrx_word' id='word_1_101' title='bbox 906 1005 924 1041; x_wconf 83' lang='lat' dir='ltr'><strong>a</strong></span> <span class='ocrx_word' id='word_1_102' title='bbox 934 1004 1008 1041; x_wconf 86' lang='lat' dir='ltr'><strong>com·</strong></span> 
     </span>
     <span class='ocr_line' id='line_1_14' title="bbox 201 1060 1009 1128; baseline -0.005 -15"><span class='ocrx_word' id='word_1_103' title='bbox 201 1060 293 1113; x_wconf 83' lang='lat' dir='ltr'><strong>modis</strong></span> <span class='ocrx_word' id='word_1_104' title='bbox 304 1075 359 1111; x_wconf 90' lang='lat' dir='ltr'><strong>non</strong></span> <span class='ocrx_word' id='word_1_105' title='bbox 368 1062 492 1123; x_wconf 80' lang='lat' dir='ltr'><strong>nonnae,</strong></span> <span class='ocrx_word' id='word_1_106' title='bbox 513 1060 563 1112; x_wconf 80' lang='lat' dir='ltr'><strong>sed</strong></span> <span class='ocrx_word' id='word_1_107' title='bbox 572 1076 675 1128; x_wconf 81' lang='lat' dir='ltr'><strong>genere</strong></span> <span class='ocrx_word' id='word_1_108' title='bbox 684 1066 748 1111; x_wconf 91' lang='lat' dir='ltr'><strong>toto</strong></span> <span class='ocrx_word' id='word_1_109' title='bbox 760 1060 962 1127; x_wconf 84' lang='lat' dir='ltr'><strong>disiungerent,</strong></span> <span class='ocrx_word' id='word_1_110' title='bbox 979 1062 1009 1109; x_wconf 86' lang='lat' dir='ltr'><strong>et</strong></span> 
     </span>
    </p>
   </div>
   <div class='ocr_carea' id='block_1_4' title="bbox 127 1128 1008 1196">
    <p class='ocr_par' dir='ltr' id='par_1_4' title="bbox 127 1128 1008 1196">
     <span class='ocr_line' id='line_1_15' title="bbox 127 1128 1008 1196; baseline -0.007 -13"><span class='ocrx_word' id='word_1_111' title='bbox 127 1163 132 1166; x_wconf 96' lang='lat'>-</span> <span class='ocrx_word' id='word_1_112' title='bbox 202 1129 417 1196; x_wconf 83' lang='lat' dir='ltr'><strong>Peripateticos,</strong></span> <span class='ocrx_word' id='word_1_113' title='bbox 437 1132 485 1196; x_wconf 89' lang='lat' dir='ltr'><strong>qui</strong></span> <span class='ocrx_word' id='word_1_114' title='bbox 498 1128 616 1182; x_wconf 89' lang='lat' dir='ltr'><strong>honesta</strong></span> <span class='ocrx_word' id='word_1_115' title='bbox 632 1131 842 1181; x_wconf 81' lang='lat' dir='ltr'><strong>commiscerent</strong></span> <span class='ocrx_word' id='word_1_116' title='bbox 857 1144 918 1180; x_wconf 86' lang='lat' dir='ltr'><strong>eum</strong></span> <span class='ocrx_word' id='word_1_117' title='bbox 935 1142 1008 1178; x_wconf 84' lang='lat' dir='ltr'><strong>com·</strong></span> 
     </span>
    </p>
   </div>
   <div class='ocr_carea' id='block_1_5' title="bbox 120 1196 1028 1962">
    <p class='ocr_par' dir='ltr' id='par_1_5' title="bbox 120 1196 1019 1460">
     <span class='ocr_line' id='line_1_16' title="bbox 202 1196 1007 1267; baseline -0.002 -16"><span class='ocrx_word' id='word_1_118' title='bbox 202 1199 308 1266; x_wconf 80' lang='lat' dir='ltr'><strong>modis,</strong></span> <span class='ocrx_word' id='word_1_119' title='bbox 325 1205 357 1249; x_wconf 89' lang='lat' dir='ltr'><strong>ut</strong></span> <span class='ocrx_word' id='word_1_120' title='bbox 368 1215 402 1250; x_wconf 88' lang='lat' dir='ltr'><strong>ea</strong></span> <span class='ocrx_word' id='word_1_121' title='bbox 411 1200 485 1251; x_wconf 90' lang='lat' dir='ltr'><strong>inter</strong></span> <span class='ocrx_word' id='word_1_122' title='bbox 496 1215 526 1252; x_wconf 89' lang='lat' dir='ltr'><strong>se</strong></span> <span class='ocrx_word' id='word_1_123' title='bbox 538 1200 726 1267; x_wconf 79' lang='lat' dir='ltr'><strong>magnitudine</strong></span> <span class='ocrx_word' id='word_1_124' title='bbox 737 1204 766 1251; x_wconf 90' lang='lat' dir='ltr'><strong>et</strong></span> <span class='ocrx_word' id='word_1_125' title='bbox 776 1199 855 1265; x_wconf 80' lang='lat' dir='ltr'><strong>quasi</strong></span> <span class='ocrx_word' id='word_1_126' title='bbox 864 1196 1007 1265; x_wconf 53' lang='lat' dir='ltr'><strong>madibus,</strong></span> 
     </span>
     <span class='ocr_line' id='line_1_17' title="bbox 202 1267 1019 1336; baseline -0.009 -14"><span class='ocrx_word' id='word_1_127' title='bbox 202 1284 261 1322; x_wconf 77' lang='lat' dir='ltr'><strong>aon</strong></span> <span class='ocrx_word' id='word_1_128' title='bbox 271 1283 372 1336; x_wconf 85' lang='lat' dir='ltr'><strong>genere</strong></span> <span class='ocrx_word' id='word_1_129' title='bbox 384 1269 537 1322; x_wconf 84' lang='lat' dir='ltr'><strong>differrent.</strong></span> <span class='ocrx_word' id='word_1_130' title='bbox 566 1270 646 1322; x_wconf 84' lang='lat' dir='ltr'><strong>Haec</strong></span> <span class='ocrx_word' id='word_1_131' title='bbox 657 1270 730 1321; x_wconf 90' lang='lat' dir='ltr'><strong>enim</strong></span> <span class='ocrx_word' id='word_1_132' title='bbox 742 1275 785 1321; x_wconf 87' lang='lat' dir='ltr'><strong>est</strong></span> <span class='ocrx_word' id='word_1_133' title='bbox 796 1283 852 1319; x_wconf 92' lang='lat' dir='ltr'><strong>non</strong></span> <span class='ocrx_word' id='word_1_134' title='bbox 861 1267 1019 1336; x_wconf 23' lang='lat' dir='ltr'><strong>verborum·</strong></span> 
     </span>
     <span class='ocr_line' id='line_1_18' title="bbox 120 1333 1011 1460; baseline -0.006 -71"><span class='ocrx_word' id='word_1_135' title='bbox 120 1397 122 1400; x_wconf 18' lang='lat'><strong>¹</strong></span> <span class='ocrx_word' id='word_1_136' title='bbox 202 1352 304 1460; x_wconf 75' lang='lat' dir='ltr'><strong>parva,</strong></span> <span class='ocrx_word' id='word_1_137' title='bbox 326 1337 378 1388; x_wconf 86' lang='lat' dir='ltr'><strong>sed</strong></span> <span class='ocrx_word' id='word_1_138' title='bbox 389 1353 482 1389; x_wconf 87' lang='lat' dir='ltr'><strong>rorum</strong></span> <span class='ocrx_word' id='word_1_139' title='bbox 496 1354 649 1406; x_wconf 82' lang='lat' dir='ltr'><strong>permagna</strong></span> <span class='ocrx_word' id='word_1_140' title='bbox 660 1339 806 1391; x_wconf 88' lang='lat' dir='ltr'><strong>dissensio.</strong></span> <span class='ocrx_word' id='word_1_141' title='bbox 844 1333 886 1388; x_wconf 83' lang='lat'><strong>17.</strong></span> <span class='ocrx_word' id='word_1_142' title='bbox 904 1335 1011 1386; x_wconf 87' lang='lat' dir='ltr'><strong>Verum</strong></span> 
     </span>
    </p>

    <p class='ocr_par' dir='ltr' id='par_1_6' title="bbox 204 1403 1028 1962">
     <span class='ocr_line' id='line_1_19' title="bbox 223 1403 1012 1475; baseline -0.006 -16"><span class='ocrx_word' id='word_1_143' title='bbox 223 1422 274 1459; x_wconf 86' lang='lat' dir='ltr'><strong>aec</strong></span> <span class='ocrx_word' id='word_1_144' title='bbox 292 1406 373 1457; x_wconf 85' lang='lat' dir='ltr'><strong>alias:</strong></span> <span class='ocrx_word' id='word_1_145' title='bbox 392 1423 463 1458; x_wconf 90' lang='lat' dir='ltr'><strong>nunc</strong></span> <span class='ocrx_word' id='word_1_146' title='bbox 479 1409 553 1475; x_wconf 91' lang='lat' dir='ltr'><strong>quod</strong></span> <span class='ocrx_word' id='word_1_147' title='bbox 569 1409 723 1475; x_wconf 84' lang='lat' dir='ltr'><strong>coepimus,</strong></span> <span class='ocrx_word' id='word_1_148' title='bbox 738 1410 770 1460; x_wconf 60' lang='lat' dir='ltr'><strong>”si</strong></span> <span class='ocrx_word' id='word_1_149' title='bbox 782 1406 904 1460; x_wconf 80' lang='lat' dir='ltr'><strong>videtur.</strong></span> <span class='ocrx_word' id='word_1_150' title='bbox 938 1403 1012 1455; x_wconf 82' lang='lat' dir='ltr'><strong>Mihi</strong></span> 
     </span>
     <span class='ocr_line' id='line_1_20' title="bbox 204 1474 1012 1545; baseline -0.005 -16"><span class='ocrx_word' id='word_1_151' title='bbox 204 1488 281 1539; x_wconf 73' lang='lat' dir='ltr'><strong>uero,</strong></span> <span class='ocrx_word' id='word_1_152' title='bbox 292 1474 381 1543; x_wconf 90' lang='lat' dir='ltr'><strong>inquit</strong></span> <span class='ocrx_word' id='word_1_153' title='bbox 392 1478 484 1539; x_wconf 86' lang='lat' dir='ltr'><strong>Cotta,</strong></span> <span class='ocrx_word' id='word_1_154' title='bbox 495 1478 614 1535; x_wconf 80' lang='lat' dir='ltr'><strong>videtur.</strong></span> <span class='ocrx_word' id='word_1_155' title='bbox 651 1476 716 1545; x_wconf 84' lang='lat' dir='ltr'><strong>Sed,</strong></span> <span class='ocrx_word' id='word_1_156' title='bbox 725 1484 758 1530; x_wconf 90' lang='lat' dir='ltr'><strong>ut</strong></span> <span class='ocrx_word' id='word_1_157' title='bbox 767 1477 821 1540; x_wconf 86' lang='lat' dir='ltr'><strong>hic,</strong></span> <span class='ocrx_word' id='word_1_158' title='bbox 832 1476 879 1543; x_wconf 86' lang='lat' dir='ltr'><strong>qai</strong></span> <span class='ocrx_word' id='word_1_159' title='bbox 891 1475 1012 1527; x_wconf 83' lang='lat' dir='ltr'><strong>interve·</strong></span> 
     </span>
     <span class='ocr_line' id='line_1_21' title="bbox 205 1544 1015 1615; baseline -0.009 -14"><span class='ocrx_word' id='word_1_160' title='bbox 205 1547 257 1608; x_wconf 86' lang='lat' dir='ltr'><strong>uit,</strong></span> <span class='ocrx_word' id='word_1_161' title='bbox 268 1560 317 1599; x_wconf 75' lang='lat' dir='ltr'><strong>¹me</strong></span> <span class='ocrx_word' id='word_1_162' title='bbox 328 1547 445 1609; x_wconf 85' lang='lat' dir='ltr'><strong>intuens,</strong></span> <span class='ocrx_word' id='word_1_163' title='bbox 460 1564 494 1599; x_wconf 87' lang='lat' dir='ltr'><strong>ne</strong></span> <span class='ocrx_word' id='word_1_164' title='bbox 504 1549 626 1614; x_wconf 84' lang='lat' dir='ltr'><strong>ignoret,</strong></span> <span class='ocrx_word' id='word_1_165' title='bbox 649 1557 720 1615; x_wconf 75' lang='lat' dir='ltr'><strong>quae</strong></span> <span class='ocrx_word' id='word_1_166' title='bbox 730 1564 775 1601; x_wconf 86' lang='lat' dir='ltr'><strong>res</strong></span> <span class='ocrx_word' id='word_1_167' title='bbox 787 1552 899 1614; x_wconf 78' lang='lat' dir='ltr'><strong>agatur:</strong></span> <span class='ocrx_word' id='word_1_168' title='bbox 919 1544 955 1596; x_wconf 86' lang='lat' dir='ltr'><strong>de</strong></span> <span class='ocrx_word' id='word_1_169' title='bbox 967 1558 1015 1595; x_wconf 86' lang='lat' dir='ltr'><strong>na-</strong></span> 
     </span>
     <span class='ocr_line' id='line_1_22' title="bbox 205 1613 1028 1684; baseline -0.004 -16"><span class='ocrx_word' id='word_1_170' title='bbox 205 1623 272 1668; x_wconf 87' lang='lat' dir='ltr'><strong>tura</strong></span> <span class='ocrx_word' id='word_1_171' title='bbox 283 1617 432 1683; x_wconf 77' lang='lat' dir='ltr'><strong>agebamus</strong></span> <span class='ocrx_word' id='word_1_172' title='bbox 442 1616 576 1670; x_wconf 89' lang='lat' dir='ltr'><strong>Deorum.</strong></span> <span class='ocrx_word' id='word_1_173' title='bbox 606 1617 683 1678; x_wconf 77' lang='lat' dir='ltr'><strong>Quae</strong></span> <span class='ocrx_word' id='word_1_174' title='bbox 694 1632 780 1684; x_wconf 80' lang='lat' dir='ltr'><strong>quum</strong></span> <span class='ocrx_word' id='word_1_175' title='bbox 790 1614 857 1668; x_wconf 87' lang='lat' dir='ltr'><strong>mihi</strong></span> <span class='ocrx_word' id='word_1_176' title='bbox 868 1613 1013 1666; x_wconf 75' lang='lat' dir='ltr'><strong>rideretur</strong></span> <span class='ocrx_word' id='word_1_177' title='bbox 1027 1656 1028 1665; x_wconf 73' lang='lat'><strong>.</strong></span> 
     </span>
     <span class='ocr_line' id='line_1_23' title="bbox 206 1682 1028 1808; baseline -0.006 -70"><span class='ocrx_word' id='word_1_178' title='bbox 206 1686 388 1808; x_wconf 83' lang='lat' dir='ltr'><strong>perobscura,</strong></span> <span class='ocrx_word' id='word_1_179' title='bbox 406 1691 439 1736; x_wconf 90' lang='lat' dir='ltr'><strong>ut</strong></span> <span class='ocrx_word' id='word_1_180' title='bbox 448 1702 559 1753; x_wconf 86' lang='lat' dir='ltr'><strong>semper</strong></span> <span class='ocrx_word' id='word_1_181' title='bbox 567 1688 659 1741; x_wconf 81' lang='lat' dir='ltr'><strong>videri</strong></span> <span class='ocrx_word' id='word_1_182' title='bbox 669 1689 757 1748; x_wconf 90' lang='lat' dir='ltr'><strong>solet,</strong></span> <span class='ocrx_word' id='word_1_183' title='bbox 776 1684 892 1751; x_wconf 86' lang='lat' dir='ltr'><strong>Epicuri</strong></span> <span class='ocrx_word' id='word_1_184' title='bbox 900 1698 938 1736; x_wconf 84' lang='lat' dir='ltr'><strong>ex</strong></span> <span class='ocrx_word' id='word_1_185' title='bbox 946 1682 1028 1735; x_wconf 31' lang='lat' dir='ltr'><strong>vel..</strong></span> 
     </span>
     <span class='ocr_line' id='line_1_24' title="bbox 219 1753 1013 1818; baseline -0.008 -11"><span class='ocrx_word' id='word_1_186' title='bbox 219 1755 448 1807; x_wconf 83' lang='lat' dir='ltr'><strong>eiosciscitabar</strong></span> <span class='ocrx_word' id='word_1_187' title='bbox 466 1758 642 1808; x_wconf 84' lang='lat' dir='ltr'><strong>sententiam.</strong></span> <span class='ocrx_word' id='word_1_188' title='bbox 687 1755 889 1815; x_wconf 77' lang='lat' dir='ltr'><strong>Quamobrem,</strong></span> <span class='ocrx_word' id='word_1_189' title='bbox 910 1753 1013 1818; x_wconf 86' lang='lat' dir='ltr'><strong>inquit,</strong></span> 
     </span>
     <span class='ocr_line' id='line_1_25' title="bbox 207 1821 1015 1891; baseline -0.005 -15"><span class='ocrx_word' id='word_1_190' title='bbox 207 1823 310 1885; x_wconf 77' lang='lat' dir='ltr'><strong>Vellei,</strong></span> <span class='ocrx_word' id='word_1_191' title='bbox 321 1824 376 1874; x_wconf 83' lang='lat' dir='ltr'><strong>nisi</strong></span> <span class='ocrx_word' id='word_1_192' title='bbox 386 1825 535 1878; x_wconf 86' lang='lat' dir='ltr'><strong>molestum</strong></span> <span class='ocrx_word' id='word_1_193' title='bbox 547 1833 598 1888; x_wconf 85' lang='lat' dir='ltr'><strong>est,</strong></span> <span class='ocrx_word' id='word_1_194' title='bbox 609 1830 713 1891; x_wconf 86' lang='lat' dir='ltr'><strong>repete,</strong></span> <span class='ocrx_word' id='word_1_195' title='bbox 724 1838 795 1889; x_wconf 89' lang='lat' dir='ltr'><strong>quae</strong></span> <span class='ocrx_word' id='word_1_196' title='bbox 807 1833 950 1885; x_wconf 83' lang='lat' dir='ltr'><strong>coeperas.</strong></span> <span class='ocrx_word' id='word_1_197' title='bbox 962 1821 1015 1872; x_wconf 83' lang='lat' dir='ltr'><strong>Re·</strong></span> 
     </span>
     <span class='ocr_line' id='line_1_26' title="bbox 207 1886 1015 1962; baseline -0.009 -16"><span class='ocrx_word' id='word_1_198' title='bbox 207 1899 304 1961; x_wconf 86' lang='lat' dir='ltr'><strong>petam</strong></span> <span class='ocrx_word' id='word_1_199' title='bbox 314 1907 394 1946; x_wconf 68' lang='lat' dir='ltr'><strong>veroa</strong></span> <span class='ocrx_word' id='word_1_200' title='bbox 417 1909 582 1962; x_wconf 89' lang='lat' dir='ltr'><strong>quamquam</strong></span> <span class='ocrx_word' id='word_1_201' title='bbox 592 1909 648 1944; x_wconf 89' lang='lat' dir='ltr'><strong>non</strong></span> <span class='ocrx_word' id='word_1_202' title='bbox 659 1890 740 1951; x_wconf 92' lang='lat' dir='ltr'><strong>mihi,</strong></span> <span class='ocrx_word' id='word_1_203' title='bbox 756 1889 804 1942; x_wconf 90' lang='lat' dir='ltr'><strong>sed</strong></span> <span class='ocrx_word' id='word_1_204' title='bbox 814 1888 867 1941; x_wconf 87' lang='lat' dir='ltr'><strong>tibi</strong></span> <span class='ocrx_word' id='word_1_205' title='bbox 882 1886 928 1939; x_wconf 89' lang='lat' dir='ltr'><strong>hic</strong></span> <span class='ocrx_word' id='word_1_206' title='bbox 937 1890 1015 1942; x_wconf 77' lang='lat' dir='ltr'><strong>venit</strong></span> 
     </span>
    </p>
   </div>
   <div class='ocr_carea' id='block_1_6' title="bbox 114 1957 1028 2029">
    <p class='ocr_par' dir='ltr' id='par_1_7' title="bbox 114 1957 1028 2029">
     <span class='ocr_line' id='line_1_27' title="bbox 114 1957 1028 2029; baseline -0.009 -14"><span class='ocrx_word' id='word_1_207' title='bbox 114 1975 122 1980; x_wconf 76' lang='grc'>’</span> <span class='ocrx_word' id='word_1_208' title='bbox 208 1962 330 2015; x_wconf 87' lang='lat' dir='ltr'><strong>adiutor.</strong></span> <span class='ocrx_word' id='word_1_209' title='bbox 358 1963 446 2016; x_wconf 83' lang='lat' dir='ltr'><strong>Ambo</strong></span> <span class='ocrx_word' id='word_1_210' title='bbox 457 1965 539 2024; x_wconf 85' lang='lat' dir='ltr'><strong>enirn,</strong></span> <span class='ocrx_word' id='word_1_211' title='bbox 550 1963 640 2029; x_wconf 88' lang='lat' dir='ltr'><strong>inquit</strong></span> <span class='ocrx_word' id='word_1_212' title='bbox 650 1959 784 2020; x_wconf 84' lang='lat' dir='ltr'><strong>arridens,</strong></span> <span class='ocrx_word' id='word_1_213' title='bbox 797 1960 831 2010; x_wconf 84' lang='lat' dir='ltr'><strong>ab</strong></span> <span class='ocrx_word' id='word_1_214' title='bbox 842 1957 942 2010; x_wconf 87' lang='lat' dir='ltr'><strong>eodem</strong></span> <span class='ocrx_word' id='word_1_215' title='bbox 953 1957 1028 2015; x_wconf 50' lang='lat' dir='ltr'><strong>Piri·¹</strong></span> 
     </span>
    </p>
   </div>
   <div class='ocr_carea' id='block_1_7' title="bbox 146 2027 1028 2582">
    <p class='ocr_par' dir='ltr' id='par_1_8' title="bbox 207 2027 1028 2095">
     <span class='ocr_line' id='line_1_28' title="bbox 207 2027 1028 2095; baseline -0.012 -6"><span class='ocrx_word' id='word_1_216' title='bbox 207 2031 273 2089; x_wconf 88' lang='lat' dir='ltr'><strong>lone</strong></span> <span class='ocrx_word' id='word_1_217' title='bbox 284 2030 354 2084; x_wconf 85' lang='lat' dir='ltr'><strong>nihil</strong></span> <span class='ocrx_word' id='word_1_218' title='bbox 365 2033 436 2084; x_wconf 85' lang='lat' dir='ltr'><strong>scire</strong></span> <span class='ocrx_word' id='word_1_219' title='bbox 448 2032 596 2084; x_wconf 85' lang='lat' dir='ltr'><strong>didicistis.</strong></span> <span class='ocrx_word' id='word_1_220' title='bbox 633 2031 705 2080; x_wconf 81' lang='lat' dir='ltr'><strong>Tum</strong></span> <span class='ocrx_word' id='word_1_221' title='bbox 715 2043 782 2095; x_wconf 86' lang='lat' dir='ltr'><strong>ego,</strong></span> <span class='ocrx_word' id='word_1_222' title='bbox 801 2027 875 2091; x_wconf 76' lang='lat' dir='ltr'><strong>Quid</strong></span> <span class='ocrx_word' id='word_1_223' title='bbox 887 2027 1015 2080; x_wconf 77' lang='lat' dir='ltr'><strong>didiceri·</strong></span> <span class='ocrx_word' id='word_1_224' title='bbox 1027 2034 1028 2037; x_wconf 78' lang='grc'>’</span> 
     </span>
    </p>

    <p class='ocr_par' dir='ltr' id='par_1_9' title="bbox 146 2097 1025 2433">
     <span class='ocr_line' id='line_1_29' title="bbox 146 2097 1015 2162; baseline -0.008 -8"><span class='ocrx_word' id='word_1_225' title='bbox 146 2112 149 2117; x_wconf 80' lang='grc'><em>’</em></span> <span class='ocrx_word' id='word_1_226' title='bbox 207 2116 279 2162; x_wconf 84' lang='lat' dir='ltr'><strong>mus,</strong></span> <span class='ocrx_word' id='word_1_227' title='bbox 290 2102 373 2153; x_wconf 81' lang='lat' dir='ltr'><strong>Cotta</strong></span> <span class='ocrx_word' id='word_1_228' title='bbox 382 2103 498 2154; x_wconf 85' lang='lat' dir='ltr'><strong>viderit:</strong></span> <span class='ocrx_word' id='word_1_229' title='bbox 517 2108 549 2151; x_wconf 88' lang='lat' dir='ltr'><strong>tu</strong></span> <span class='ocrx_word' id='word_1_230' title='bbox 559 2105 651 2150; x_wconf 87' lang='lat' dir='ltr'><strong>autem</strong></span> <span class='ocrx_word' id='word_1_231' title='bbox 663 2097 729 2148; x_wconf 92' lang='lat' dir='ltr'><strong>nolo</strong></span> <span class='ocrx_word' id='word_1_232' title='bbox 739 2097 895 2159; x_wconf 82' lang='lat' dir='ltr'><strong>existimes,</strong></span> <span class='ocrx_word' id='word_1_233' title='bbox 912 2113 958 2150; x_wconf 91' lang='lat' dir='ltr'><strong>me</strong></span> <span class='ocrx_word' id='word_1_234' title='bbox 969 2097 1015 2148; x_wconf 87' lang='lat' dir='ltr'><strong>ad·</strong></span> 
     </span>
     <span class='ocr_line' id='line_1_30' title="bbox 189 2165 1014 2241; baseline -0.006 -17"><span class='ocrx_word' id='word_1_235' title='bbox 189 2235 194 2241; x_wconf 33' lang='grc'>,</span> <span class='ocrx_word' id='word_1_236' title='bbox 207 2172 328 2224; x_wconf 84' lang='lat' dir='ltr'><strong>iutorem</strong></span> <span class='ocrx_word' id='word_1_237' title='bbox 339 2169 403 2223; x_wconf 89' lang='lat' dir='ltr'><strong>huic</strong></span> <span class='ocrx_word' id='word_1_238' title='bbox 410 2171 531 2231; x_wconf 79' lang='lat' dir='ltr'><strong>venisse,</strong></span> <span class='ocrx_word' id='word_1_239' title='bbox 549 2166 600 2219; x_wconf 88' lang='lat' dir='ltr'><strong>sed</strong></span> <span class='ocrx_word' id='word_1_240' title='bbox 612 2165 784 2228; x_wconf 82' lang='lat' dir='ltr'><strong>auditorem,</strong></span> <span class='ocrx_word' id='word_1_241' title='bbox 804 2173 832 2219; x_wconf 87' lang='lat' dir='ltr'><strong>et</strong></span> <span class='ocrx_word' id='word_1_242' title='bbox 846 2167 960 2233; x_wconf 84' lang='lat' dir='ltr'><strong>quidem</strong></span> <span class='ocrx_word' id='word_1_243' title='bbox 969 2182 1014 2220; x_wconf 83' lang='lat' dir='ltr'><strong>ae-</strong></span> 
     </span>
     <span class='ocr_line' id='line_1_31' title="bbox 209 2235 1025 2310; baseline -0.007 -18"><span class='ocrx_word' id='word_1_244' title='bbox 209 2256 301 2310; x_wconf 88' lang='lat' dir='ltr'><strong>quum,</strong></span> <span class='ocrx_word' id='word_1_245' title='bbox 323 2240 412 2293; x_wconf 79' lang='lat' dir='ltr'><strong>libero</strong></span> <span class='ocrx_word' id='word_1_246' title='bbox 422 2238 536 2301; x_wconf 91' lang='lat' dir='ltr'><strong>iudicio,</strong></span> <span class='ocrx_word' id='word_1_247' title='bbox 550 2236 638 2286; x_wconf 75' lang='lat' dir='ltr'><strong>mulla</strong></span> <span class='ocrx_word' id='word_1_248' title='bbox 648 2235 783 2287; x_wconf 88' lang='lat' dir='ltr'><strong>eiusmodi</strong></span> <span class='ocrx_word' id='word_1_249' title='bbox 794 2236 959 2289; x_wconf 84' lang='lat' dir='ltr'><strong>adstrictum</strong></span> <span class='ocrx_word' id='word_1_250' title='bbox 968 2242 1025 2287; x_wconf 71' lang='lat' dir='ltr'><strong>nc·v</strong></span> 
     </span>
     <span class='ocr_line' id='line_1_32' title="bbox 209 2305 1014 2374; baseline -0.009 -11"><span class='ocrx_word' id='word_1_251' title='bbox 209 2311 353 2371; x_wconf 83' lang='lat' dir='ltr'><strong>cessitate,</strong></span> <span class='ocrx_word' id='word_1_252' title='bbox 371 2315 403 2358; x_wconf 90' lang='lat' dir='ltr'><strong>ut</strong></span> <span class='ocrx_word' id='word_1_253' title='bbox 417 2305 493 2368; x_wconf 86' lang='lat' dir='ltr'><strong>mihi,</strong></span> <span class='ocrx_word' id='word_1_254' title='bbox 511 2305 607 2369; x_wconf 77' lang='lat' dir='ltr'><strong>velim,</strong></span> <span class='ocrx_word' id='word_1_255' title='bbox 627 2305 724 2369; x_wconf 86' lang='lat' dir='ltr'><strong>nolim,</strong></span> <span class='ocrx_word' id='word_1_256' title='bbox 744 2306 781 2357; x_wconf 83' lang='lat' dir='ltr'><strong>sit</strong></span> <span class='ocrx_word' id='word_1_257' title='bbox 791 2310 869 2358; x_wconf 87' lang='lat' dir='ltr'><strong>certa</strong></span> <span class='ocrx_word' id='word_1_258' title='bbox 878 2306 1014 2374; x_wconf 81' lang='lat' dir='ltr'><strong>quaedam</strong></span> 
     </span>
     <span class='ocr_line' id='line_1_33' title="bbox 207 2377 467 2433; baseline -0.031 0"><span class='ocrx_word' id='word_1_259' title='bbox 207 2379 313 2433; x_wconf 86' lang='lat' dir='ltr'><strong>tuenda</strong></span> <span class='ocrx_word' id='word_1_260' title='bbox 323 2377 467 2429; x_wconf 88' lang='lat' dir='ltr'><strong>sententia.</strong></span> 
     </span>
    </p>

    <p class='ocr_par' dir='ltr' id='par_1_10' title="bbox 173 2443 1025 2517">
     <span class='ocr_line' id='line_1_34' title="bbox 173 2443 1025 2517; baseline -0.004 -19"><span class='ocrx_word' id='word_1_261' title='bbox 173 2470 177 2475; x_wconf 93' lang='lat'><em>·</em></span> <span class='ocrx_word' id='word_1_262' title='bbox 260 2446 341 2517; x_wconf 58' lang='lat' dir='ltr'><strong>V¹l¹v</strong></span> <span class='ocrx_word' id='word_1_263' title='bbox 352 2443 395 2495; x_wconf 79' lang='lat'><strong>18.</strong></span> <span class='ocrx_word' id='word_1_264' title='bbox 412 2446 488 2494; x_wconf 89' lang='lat' dir='ltr'><strong>Tum</strong></span> <span class='ocrx_word' id='word_1_265' title='bbox 497 2444 636 2508; x_wconf 89' lang='lat' dir='ltr'><strong>Velleius,</strong></span> <span class='ocrx_word' id='word_1_266' title='bbox 656 2446 866 2509; x_wconf 68' lang='lat' dir='ltr'><strong>lidentonam,</strong></span> <span class='ocrx_word' id='word_1_267' title='bbox 880 2445 1025 2497; x_wconf 81' lang='lat' dir='ltr'><strong>utsolent·</strong></span> 
     </span>
    </p>

    <p class='ocr_par' dir='ltr' id='par_1_11' title="bbox 209 2514 1014 2582">
     <span class='ocr_line' id='line_1_35' title="bbox 209 2514 1014 2582; baseline -0.002 -14"><span class='ocrx_word' id='word_1_268' title='bbox 209 2517 266 2578; x_wconf 87' lang='lat' dir='ltr'><strong>isti,</strong></span> <span class='ocrx_word' id='word_1_269' title='bbox 280 2514 351 2565; x_wconf 87' lang='lat' dir='ltr'><strong>nihil</strong></span> <span class='ocrx_word' id='word_1_270' title='bbox 361 2517 538 2575; x_wconf 81' lang='lat' dir='ltr'><strong>tamverens,</strong></span> <span class='ocrx_word' id='word_1_271' title='bbox 554 2530 635 2581; x_wconf 88' lang='lat' dir='ltr'><strong>quam</strong></span> <span class='ocrx_word' id='word_1_272' title='bbox 647 2533 682 2570; x_wconf 89' lang='lat' dir='ltr'><strong>ne</strong></span> <span class='ocrx_word' id='word_1_273' title='bbox 694 2517 821 2570; x_wconf 86' lang='lat' dir='ltr'><strong>dubitare</strong></span> <span class='ocrx_word' id='word_1_274' title='bbox 833 2517 927 2582; x_wconf 84' lang='lat' dir='ltr'><strong>aliqua</strong></span> <span class='ocrx_word' id='word_1_275' title='bbox 939 2515 1014 2568; x_wconf 85' lang='lat' dir='ltr'><strong>dere</strong></span> 
     </span>
    </p>
   </div>
   <div class='ocr_carea' id='block_1_8' title="bbox 134 2584 1024 2648">
    <p class='ocr_par' dir='ltr' id='par_1_12' title="bbox 134 2584 1024 2648">
     <span class='ocr_line' id='line_1_36' title="bbox 134 2584 1024 2648; baseline 0.001 -15"><span class='ocrx_word' id='word_1_276' title='bbox 134 2628 139 2633; x_wconf 85' lang='lat'><strong>.</strong></span> <span class='ocrx_word' id='word_1_277' title='bbox 209 2587 363 2645; x_wconf 83' lang='lat' dir='ltr'><strong>rideretur;</strong></span> <span class='ocrx_word' id='word_1_278' title='bbox 379 2586 520 2648; x_wconf 83' lang='lat' dir='ltr'><strong>tamquam</strong></span> <span class='ocrx_word' id='word_1_279' title='bbox 533 2584 617 2637; x_wconf 89' lang='lat' dir='ltr'><strong>modo</strong></span> <span class='ocrx_word' id='word_1_280' title='bbox 627 2601 663 2638; x_wconf 85' lang='lat' dir='ltr'><strong>ex</strong></span> <span class='ocrx_word' id='word_1_281' title='bbox 673 2586 798 2639; x_wconf 81' lang='lat' dir='ltr'><strong>Deorum</strong></span> <span class='ocrx_word' id='word_1_282' title='bbox 810 2584 969 2637; x_wconf 83' lang='lat' dir='ltr'><strong>concilicet</strong></span> <span class='ocrx_word' id='word_1_283' title='bbox 980 2598 1024 2635; x_wconf 85' lang='lat' dir='ltr'><strong>ex·</strong></span> 
     </span>
    </p>
   </div>
   <div class='ocr_carea' id='block_1_9' title="bbox 210 2651 1029 2722">
    <p class='ocr_par' dir='ltr' id='par_1_13' title="bbox 210 2651 1029 2722">
     <span class='ocr_line' id='line_1_37' title="bbox 210 2651 1029 2722; baseline -0.004 -16"><span class='ocrx_word' id='word_1_284' title='bbox 210 2651 538 2722; x_wconf 78' lang='lat' dir='ltr'><strong>Epicuri-intermundiis</strong></span> <span class='ocrx_word' id='word_1_285' title='bbox 557 2654 759 2719; x_wconf 78' lang='lat' dir='ltr'><strong>descendisset:</strong></span> <span class='ocrx_word' id='word_1_286' title='bbox 779 2656 894 2718; x_wconf 78' lang='lat' dir='ltr'><strong>Audite,</strong></span> <span class='ocrx_word' id='word_1_287' title='bbox 914 2653 1005 2721; x_wconf 84' lang='lat' dir='ltr'><strong>inquit</strong></span> <span class='ocrx_word' id='word_1_288' title='bbox 1027 2681 1029 2690; x_wconf 73' lang='lat'>›</span> 
     </span>
    </p>
   </div>
   <div class='ocr_carea' id='block_1_10' title="bbox 0 0 1059 3025">
    <p class='ocr_par' dir='ltr' id='par_1_14' title="bbox 0 0 1059 3025">
     <span class='ocr_line' id='line_1_38' title="bbox 0 0 1059 3025; baseline 0 0"><span class='ocrx_word' id='word_1_289' title='bbox 0 0 1059 3025; x_wconf 95' lang='lat' dir='ltr'><strong> </strong></span> 
     </span>
    </p>
   </div>
  </div>
 </body>
</html>
