2084 3025
186 173 222 225 48
438 180 441 185 '
499 164 683 217 LAELIUS

185 272 363 337 sempiterna.
399 269 480 321 Haec
490 269 534 320 ita
544 270 641 330 multa,
659 266 740 335 quasi
751 266 821 328 fata,
833 266 987 334 impendero

186 341 330 402 amicitiis,
352 346 383 389 ut
395 341 494 390 'omnia
508 339 700 407 subterfugere
715 353 770 388 non
785 338 872 388 modo
887 336 988 404 sapien

136 470 141 475 .
184 413 252 472 tiae,
267 410 315 460 sed
326 409 410 463 etlam
421 410 567 461 felicitatis
581 409 687 460 diceret
699 409 754 459 sibi
765 408 862 459 rideri.

238 480 286 531 Xl.
306 478 349 531 36.
369 480 556 540 Quamobrem
568 480 596 530 id
607 483 724 546 primum
734 478 888 540 rideamus,
902 477 990 549 sipla·

187 555 245 613 cet,
277 555 413 618 quatenus
437 566 515 601 amor
536 552 566 600 in
586 550 711 600 amicitia
729 547 863 616 progredi
884 547 989 601 debeat.

185 620 275 683 Num,
296 620 320 670 si
331 619 602 670 Coriolanus'habuit
613 622 730 681 amicos,
749 619 823 670 ferre
836 623 935 670 contra
947 632 991 684 pa·

185 690 272 742 triam
283 705 361 741 arura
371 690 412 740 illi
426 706 488 741 cum
499 690 650 741 Coriolano
662 688 799 741 debueret
809 688 881 757 Num
889 686 991 739 Viscel-

185 760 272 812 linum
284 760 376 821 amici,
390 775 506 828 regnum
519 765 706 826 appetentem,
724 775 788 809 num
801 758 848 825 Sp.
860 757 991 808 illaelium

187 829 342 882 debuerunt
360 829 472 880 iuva'rei
507 829 549 881 37.
569 830 613 880 Ti.
625 830 734 895 quidem
745 827 914 890 Gracchum,
926 841 992 878 rem·

185 900 326 968 publicam
342 906 500 963 vexantem,
524 916 542 949 a
558 899 591 960 Q.
608 900 755 950 Tuberone
777 898 992 963 aequalibusque

187 969 286 1020 amicis
306 968 470 1036 derelictum
485 968 656 1019 videbamus.
693 969 728 1018 At
740 967 769 1018 C,
781 967 923 1029 Blossius,
945 968 992 1016 Cu·

187 1055 293 1099 manus,
315 1036 416 1103 hospes
428 1034 554 1089 santiliae
565 1045 682 1099 rostrae,
699 1035 843 1096 Scaevola,
865 1052 948 1103 quum
960 1034 993 1086 ad

188 1125 240 1169 me,
252 1107 297 1173 qui
309 1106 420 1157 aderam
428 1108 548 1159 Laenati
559 1113 587 1159 et
597 1106 883 1173 RupilioConsulibus
895 1107 923 1156 in
934 1120 992 1156 con·

1031 1024 1034 1127 l

187 1178 260 1238 silio,
274 1176 452 1243 deprecatum
466 1179 596 1239 venisset,
608 1176 695 1239 hanc,
704 1185 735 1226 ut
746 1177 801 1227 sibi
810 1176 992 1244 ignoscerem,
1032 1202 1033 1223 1

188 1262 316 1299 caussam
328 1246 472 1308 afferebat,
484 1248 560 1314 quod
571 1249 643 1298 tanti
654 1244 862 1298 Ti.Gracchum
874 1245 992 1303 fecisset,

187 1323 228 1378 ut,
240 1315 371 1383 qmdquid
382 1318 430 1369 ille
442 1318 537 1380 relloi,
548 1318 602 1368 sibi
612 1317 769 1369 faciendum
781 1320 904 1381 putaret.
925 1316 993 1365 'l'um

188 1400 257 1454 ego,
268 1386 406 1450 Etionrae,
427 1380 488 1439 soie
498 1388 528 1440 io
540 1387 706 1454 Capitolium
715 1387 797 1458 foces
807 1387 891 1458 serre
902 1383 995 1435 vellet?

144 1466 148 1471 '
188 1454 378 1524 „Nunrquorm
400 1456 499 1525 inquit,
514 1458 642 1523 politices}
652 1457 682 1507 iu
691 1458 803 1526 quidem.
843 1455 905 1518 Sed,
921 1454 945 1505 si
954 1470 992 1505 vo·

188 1527 291 1590 luisset,
298 1529 458 1595 paruissem.
467 1532 484 1558 “
519 1525 641 1588 Videtis,
654 1543 735 1595 quam
746 1525 856 1578 nefaria
864 1539 929 1578 rox.
960 1524 993 1575 Ei

189 1593 281 1652 hercle
297 1599 338 1648 ita
357 1597 437 1663 fecit3
458 1598 502 1650 vel
520 1599 696 1665 plus'etiam,
717 1612 798 1664 quam
814 1595 896 1647 dixit.
934 1594 994 1646 Non

190 1667 264 1720 onim
275 1665 368 1733 paruit
380 1668 427 1721 ille
436 1667 482 1718 Ti.
495 1667 614 1720 Gracchi
626 1668 788 1729 temeritati,
801 1667 850 1717 sed
862 1664 992 1733 praefuit:

189 1752 240 1788 neo
255 1751 285 1787 se
301 1738 430 1790 comitem
446 1738 522 1789 illins
539 1739 658 1800 luroris,
678 1738 725 1789 sed
744 1735 841 1789 ducem
857 1733 992 1803 praebuit.

188 1806 285 1872 ltaque
295 1805 347 1858 hac
358 1809 487 1869 amentia,
508 1808 671 1875 quaestione
684 1823 756 1858 nora
766 1808 949 1873 perterritus,
967 1805 993 1855 iu

187 1875 281 1929 Asiam
293 1876 428 1944 profugit,
450 1877 486 1927 ad
495 1876 590 1929 hostes
601 1877 771 1938 se'contulit,
786 1892 894 1944 poenas
907 1876 993 1941 reipu·

188 1945 280 1997 blicae
297 1960 395 2012 graves
407 1948 551 2014 iustasque
567 1947 711 2013 persolvit.
747 1946 833 1999 Nulla
850 1953 895 2014 est
910 1946 993 2012 igitur

189 2016 334 2065 excusatio
346 2017 464 2083 peccati,
479 2018 504 2067 si
515 2018 599 2068 enrici
610 2033 707 2068 caussa
719 2016 887 2083 peccaveris.
916 2015 993 2075 Nam,

189 2098 274 2151 quum
295 2086 474 2138 conciliatrix
494 2088 636 2139 amicitiae
656 2087 771 2138 m'rtutis
789 2086 886 2152 opinio
904 2084 993 2146 fucrit,

189 2152 303 2205 difficile
315 2161 366 2216 est,
377 2157 530 2208 amicitiam
542 2173 662 2219 manere,
672 2157 697 2208 si
708 2172 725 2207 a
733 2157 837 2207 »vuaso
849 2153 993 2208 defeceris.

188 2220 231 2276 38.
250 2223 332 2286 Quod
342 2224 366 2275 si
376 2233 482 2279 rectum
494 2227 687 2289 statuerimus,
707 2227 753 2279 vol
765 2226 920 2277 concedere
931 2222 994 2275 ami·

190 2294 243 2354 cis,
265 2293 398 2362 quidquid
408 2297 509 2359 velint,
531 2298 576 2349 rel
587 2299 738 2364 impetrare
749 2297 840 2358 abiis,
861 2290 995 2364 quidquid

189 2362 320 2426 velimus,
342 2365 468 2430 perfecta
482 2366 594 2433 quidem
611 2367 749 2434 sapientia
764 2366 866 2429 simus,
887 2367 913 2417 si
929 2361 995 2416 nihil

189 2431 291 2484 lrabeat
302 2448 347 2485 res
358 2435 431 2486 vitii:
453 2437 501 2488 sed
512 2436 655 2504 loquimur
665 2437 699 2489 dc
709 2437 743 2488 iis
754 2436 861 2498 amicis,
873 2436 923 2503 qui
934 2438 996 2486 ants
1031 2429 1032 2444 ³

189 2501 286 2552 oculos
297 2507 370 2565 sunt,
385 2519 454 2571 quos
464 2505 594 2570 vidimus,
616 2512 665 2559 aut
676 2507 709 2560 de
721 2507 819 2574 quibus
829 2505 995 2558 memoriam

188 2570 357 2636 accepimus,
378 2580 428 2624 aut
443 2589 511 2641 quos
529 2576 851 2629 novitritacommunis.
889 2572 997 2626 Euhoe

187 2649 302 2689 numero
313 2641 395 2693 nobis
406 2643 533 2710 exenrpla
542 2647 677 2698 sumenda
687 2652 764 2698 sunt:
785 2652 813 2698 et
825 2659 925 2716 corum
938 2641 995 2711 qui·

187 2702 250 2756 dem
260 2709 392 2775 maxime,
414 2713 462 2781 qui
476 2712 512 2768 ad
526 2717 695 2784 sapientiam
709 2716 836 2788 proxime
848 2713 993 2768 accedunt.

1031 1358 1034 1437 l
