2084 3025
192 183 226 237 to
501 178 686 234 LAELlUS

192 289 291 343 ceteris
302 262 459 339 floruisset:
472 287 520 351 sio,
528 304 615 355 *quum
628 288 830 354 accepissemus
841 283 996 354 spatrilms,

193 360 314 412 maximo
324 359 536 411 memorabilem
551 360 580 409 C.
588 359 681 410 Laelii
691 366 718 409 et
728 358 758 409 P.
770 357 909 426 Scipionis
920 353 997 405 fami·
1017 378 1019 387 ι

192 431 347 482 liuritatem
367 427 463 491 luisse,
481 429 584 481 idonea
605 429 676 480 mihi
695 428 786 481 Laelii
805 442 929 497 persona
942 425 999 474 visa

194 508 244 564 est,
262 500 379 567 'quaede
390 499 517 551 amicitia
528 515 561 551 ea
572 499 633 566 ipsa
644 500 807 562 dissereret,
826 514 897 567 quae
908 496 999 561 dispu-

194 578 256 624 tata
268 573 302 623 ab
318 585 351 622 eo
363 570 536 621 meminisset
546 568 690 621 Scaevola.
728 570 822 623 Genus
839 576 935 621 autem
949 564 999 615 hoc

194 654 366 703 sermonum,
380 640 509 708 positum
520 641 551 690 in
561 640 700 691 hominum
713 648 837 707 veterum
850 636 1000 692 auctorita·

194 719 234 776 te,
246 719 274 763 et
286 726 382 763 eorum
393 708 555 774 illustrium,
570 711 641 777 plus,
652 711 747 763 nescio
759 727 813 778 quo
824 717 919 778 paeto,
931 705 1000 757 ride·

195 790 243 834 tur
254 781 357 835 habere
367 781 524 849 gravitatis.
560 782 671 848 ltaque,
693 781 752 848 ipse
764 797 826 832 mea
835 782 943 850 legens,
962 776 1001 825 sie

197 853 307 905 allicior
317 852 466 915 interdum,
482 859 513 902 ut
524 853 666 915 Catonem,
682 867 737 902 non
748 868 801 914 mc,
811 852 894 920 loqui
910 845 1001 901 existi·

197 938 279 976 mem.
316 922 341 975 5.
359 921 426 984 Sed,
445 928 476 973 ut
486 927 545 972 tum
557 921 698 973 adsonem
710 938 795 973 senex
806 922 840 973 de
852 921 1002 976 senectute,

198 995 240 1045 sic
250 993 304 1044 hoo
312 992 386 1043 libro
397 992 433 1043 ad
443 992 561 1042 amicum
574 993 759 1043 amicissimus
766 991 935 1043 deamicitia
940 986 1002 1038 scri·

198 1063 249 1131 psi.
288 1064 360 1113 Tum
375 1068 418 1112 est
429 1063 499 1112 Cato
516 1061 642 1125 loeutus,
662 1077 715 1128 quo
728 1069 788 1113 crat
798 1078 881 1114 nomo
893 1062 1002 1113 lere‘se·

198 1135 262 1183 nior
276 1131 449 1198 temporibus
462 1131 535 1195 illis,
557 1147 637 1183 nomo
656 1132 831 1199 prudentior:
854 1128 1003 1183 nuncLae·

198 1204 267 1264 lius,
288 1208 316 1254 et
331 1202 451 1268 sapiens,
472 1202 521 1268 (sic
532 1202 604 1252 onim
617 1210 659 1253 est
674 1200 805 1265 habitus)
821 1209 850 1253 ct
862 1196 1002 1254 amicitiae

200 1272 292 1341 gloria
300 1271 447 1333 excellens,
458 1271 629 1323 deamicitia
640 1272 771 1338 loquitur.
800 1274 846 1323 Tu
856 1273 943 1324 velim
954 1265 1003 1318 ani·

129 1361 137 1368 ·
199 1358 275 1394 mum
290 1358 307 1393 a
321 1357 365 1393 me
379 1356 528 1408 parumper
540 1349 665 1403 avertas,
686 1342 815 1394 Laelium
826 1342 909 1410 loqui
918 1343 1003 1410 ipsum

200 1419 290 1487 putes.
325 1412 354 1463 C.
366 1412 489 1463 Fannius
501 1417 531 1464 et
540 1414 573 1475 Q.
585 1412 695 1462 Mucius
707 1411 743 1463 ad
754 1426 883 1464 socerum
894 1412 1004 1464 veniunt

200 1488 267 1551 post
276 1487 396 1535 mortem
406 1481 543 1534 Africani:
555 1483 590 1555 ab
601 1480 643 1533 his
655 1497 745 1534 sermo
756 1484 855 1536 oritur.
884 1482 1003 1550 Respon-

200 1555 249 1606 det
262 1552 393 1605 Laelius:
414 1552 491 1604 euius
507 1558 571 1604 toto
585 1553 738 1620 disputatio
754 1560 799 1606 est
818 1553 854 1607 dc
871 1554 1002 1611 amicitia,

163 1653 166 1658 ,
200 1640 283 1692 quam
294 1625 390 1691 legens
402 1630 433 1675 tu
444 1630 473 1675 to
484 1624 545 1691 ipse
557 1638 718 1691 cognosces.

251 1696 285 1747 ll.
303 1694 329 1746 d.
340 1693 449 1745 annr
457 1707 503 1744 us.
527 1692 598 1744 Sunt
607 1693 671 1757 ista,
681 1693 770 1746 Laeli.
794 1693 854 1746 Nec
866 1696 943 1747 enim
953 1709 1002 1745 me·

198 1766 254 1816 lior
268 1764 312 1815 vir
330 1761 387 1815 fult
401 1762 533 1814 Africano
555 1764 715 1831 quisquam,
734 1779 786 1828 nee
802 1764 917 1817 clarior.
953 1762 1003 1815 Sed

199 1834 359 1888 existimare
369 1832 463 1894 debes,
475 1834 597 1902 omnium
609 1834 706 1884 oculos
717 1849 788 1885 nunc
798 1835 827 1884 in
839 1840 1002 1886 tecssecon·

198 1907 301 1956 lectos:
313 1918 397 1955 unum
408 1907 436 1955 te
446 1903 601 1969 sapientem
613 1910 642 1955 et
648 1904 825 1970 appellantct
831 1905 1001 1957 existimant.

198 1973 390 2027 Tribuebatur
397 1971 451 2024 hoo
462 1972 545 2024 modo
557 1972 595 2023 Μ.
603 1974 716 2037 Catoni3
727 1973 1001 2028 scimusL.Attilium

199 2044 274 2111 opud
286 2051 380 2110 patres
390 2049 502 2094 nostros
513 2042 683 2109 appellatum
696 2059 756 2095 esso
767 2045 937 2111 sapientem:
957 2040 1002 2095 sed

198 2119 315 2183 uterque
330 2112 386 2164 alio
403 2112 525 2179 quodam
542 2112 641 2177 modo;
659 2113 786 2177 Attilius‚
807 2115 874 2180 quia
885 2114 1000 2182 prudens

199 2200 261 2238 esso
274 2185 304 2236 in
316 2182 472 2251 iureyoivili
488 2185 651 2249 putabatnr3
674 2185 758 2247 Cato,
778 2185 1000 2251 quiamultarum

198 2268 382 2307 rerumusum
392 2250 526 2305 habebat:
547 2252 707 2305 multocius
719 2259 748 2305 ct
758 2253 788 2304 in
799 2252 919 2318 Senatu,
940 2252 1001 2306 etin

199 2324 272 2387 loro,
287 2324 333 2376 rol
345 2321 457 2389 provisa
467 2322 627 2390 prudenter,
645 2324 690 2375 vol
701 2329 765 2375 acta
776 2329 946 2387 constanter,
960 2320 1001 2373 rol

198 2407 333 2461 responsa
343 2403 434 2454 acute,
445 2391 616 2445 terebantur.
650 2392 803 2461 Propterea
813 2396 894 2463 quasi
904 2406 1001 2462 cogno·

198 2478 262 2516 men
275 2463 333 2515 iam
344 2461 466 2513 habebat
480 2463 667 2516 insencctute
679 2465 821 2531 sapientis.
859 2467 900 2518 Te
910 2469 1001 2516 autom

199 2533 257 2583 nlio
274 2531 395 2600 quodem
409 2530 507 2595 modo,
526 2548 582 2584 non
597 2534 689 2585 solum
710 2541 812 2586 notura
826 2541 856 2588 ct
871 2535 1001 2592 moribus,

199 2616 295 2651 rerum
311 2601 397 2653 otiam
407 2600 502 2651 studio
515 2608 544 2653 et
555 2603 682 2655 doctrino
693 2621 753 2657 esse
767 2606 933 2671 sapientcm3
953 2615 1001 2653 nec

199 2668 272 2718 sicut
282 2671 395 2735 vulgus,
415 2670 464 2722 sed
480 2676 512 2720 ut
523 2673 626 2724 eruditi
642 2674 734 2725 solent
745 2675 887 2741 appellare
897 2673 1000 2741 sepien-

198 2742 266 2800 tem,
288 2740 397 2804 qualem
406 2738 436 2790 in
448 2744 509 2791 tots
519 2740 640 2795 Graecia
649 2746 794 2797 neminem.
830 2747 856 2799 7.
873 2745 942 2800 Nam
954 2741 999 2810 qui

945 2869 954 2896 Χ
