2084 3025
193 109 230 162 44
502 105 685 160 LAELIUS

192 211 248 261 vim
260 224 352 260 suam:
373 224 458 277 quum
469 209 606 273 homines,
622 207 695 276 quod
706 207 799 260 facere
809 225 863 276 rpsr
873 225 928 260 nen
937 220 994 274 pes·

192 286 268 340 sent,
289 278 316 329 id
332 287 407 331 reete
424 281 485 335 lieri
499 281 529 332 in
545 281 635 332 altero
653 278 817 330 iudicarent.
854 281 994 333 Hactenus

190 347 259 400 mihi
269 348 373 411 videor,
394 350 428 401 de
439 348 566 407 amicitia
576 349 645 418 quid
655 350 802 411 sentirem,
820 350 946 415 petuisse
957 347 994 398 di·

193 433 264 469 cere.
302 414 388 485 Siqua
397 426 544 486 praeterea
554 422 628 481 sunt,
642 419 742 482 (credo
754 425 846 469 autem
859 434 920 470 esse
930 417 994 468 mul·

192 491 252 550 taz)
272 488 307 540 ab
317 488 363 550 iis,
383 491 408 540 si
419 490 568 552 videbitur,
589 489 636 556 qui
646 491 703 540 ista
714 489 869 554 disputant,
890 487 995 554 quaeri·

192 562 262 611 teto.
297 557 340 609 25.
358 558 459 612 Fran.
469 560 528 611 Nes
538 566 631 610 autem
644 576 661 611 a
672 564 701 609 te
712 558 819 624 petius:
830 571 995 623 quamquam

193 628 278 679 etiam
291 629 326 678 ab
335 627 400 679 istis
410 645 493 696 saepe
505 629 644 695 quaesivi,
665 635 694 679 et
705 627 813 688 audiri,
829 643 885 677 non
895 627 997 676 inritus

193 696 335 764 equidem:
356 698 406 749 sed
426 699 501 749 aliud
522 697 661 763 quoddam
680 698 759 747 filum
775 696 912 747 erationis
925 702 996 746 tuae.

193 765 313 817 Seuer.
332 768 404 817 Tum
417 768 507 834 magis
521 767 552 816 id
567 767 687 828 diceres,
708 766 808 827 Fanni,
828 766 854 815 si
868 779 957 831 nuper
965 762 997 814 in

193 834 283 886 hortis
294 834 440 900 Scipionis,
451 851 540 902 quum
552 840 595 899 est
607 836 640 886 de
652 836 806 902 Republica
816 835 996 900 disputatum,

194 904 342 956 adfuisses.
373 905 470 966 Qualis
481 913 543 957 tum
552 911 687 971 patronus
698 906 824 956 iustitiae
834 905 891 955 fuit
902 909 997 955 centra

193 981 353 1025 accuratam
370 975 525 1027 orationem
539 973 626 1025 Phili!
663 975 766 1027 Fortu.
784 975 881 1026 Facile
896 975 926 1024 id
938 973 997 1041 qui·
1029 994 1030 1047 4

194 1044 256 1095 dem
267 1042 471 1105 fuit,iustitiam
483 1044 868 1096 iustissimevirodefendere.
879 1042 996 1098 Seuer.
1029 1062 1030 1067 ¹

194 1112 267 1172 Quid
277 1113 449 1163 amicitiamt
463 1113 561 1164 Nonne
571 1114 654 1165 facile
665 1115 701 1175 ei,
712 1114 759 1181 qui
771 1115 805 1165 ob
818 1129 880 1165 eam
889 1130 997 1168 summe

192 1181 259 1243 lide,
268 1182 598 1249 constantiaiustitiaque
604 1190 756 1245 servatam,
778 1185 927 1235 maximam
939 1185 996 1252 gle-

192 1250 263 1302 riam
274 1252 393 1318 ceperitl
429 1251 502 1303 Vlll.
513 1252 556 1304 26.
568 1253 613 1305 LA
621 1269 671 1305 un.
690 1254 754 1306 Vim
769 1251 822 1305 hec
831 1253 943 1321 quidem
955 1259 997 1306 cst
1029 1306 1030 1311 ,

193 1319 302 1373 afferre.
322 1322 394 1383 Quid
403 1324 476 1373 enim
488 1321 584 1383 refert,
592 1338 647 1390 qua
655 1338 701 1373 me
710 1323 859 1391 rogatione
870 1323 997 1391 cogatis!

192 1392 301 1459 cogitis
314 1399 397 1444 certe.
433 1391 540 1443 Studiis
551 1393 625 1442 enim
636 1407 811 1460 generorum,
830 1395 996 1459 praesertim

116 1466 125 1471 ‘
192 1461 222 1520 in
231 1477 262 1512 re
271 1463 354 1526 bena,
365 1477 447 1529 quum
458 1461 574 1515 difficile
582 1468 632 1526 est,
637 1468 698 1512 tum
708 1478 743 1514 ue
753 1478 872 1532 aequum
881 1463 997 1530 quidem,

194 1531 340 1584 asistere.
541 1576 555 1583 -
653 1530 658 1537 ’

245 1600 412 1667 Saepissime
423 1603 511 1668 igitur
521 1602 591 1655 mihi
602 1603 636 1655 de
647 1603 774 1655 amicitia
784 1602 928 1670 cogitanti,
942 1618 997 1655 ma·
1029 1651 1030 1658 ,

178 1634 268 1722 (ximo
278 1671 349 1721 illud
360 1673 592 1724 considerandum
602 1673 692 1724 videri
703 1674 789 1735 solet,
810 1690 875 1724 num
886 1680 998 1740 prepter

192 1741 416 1793 imbecillitatem
437 1750 520 1809 atque
538 1741 660 1807 inopiam
675 1743 837 1798 desiderata
851 1744 888 1795 sit
904 1743 998 1795 amiei-
1029 1751 1030 1806 j

193 1809 246 1859 tia:
267 1815 299 1860 ut
313 1812 341 1860 in
356 1811 452 1862 dandis
463 1812 683 1879 recipiendisque
698 1812 820 1874 meritis,
841 1812 916 1880 qued
926 1812 998 1879 quis·
1029 1841 1030 1872 2

194 1880 349 1945 queminus
360 1896 409 1946 per
419 1897 448 1932 se
459 1882 518 1947 ipse
531 1887 633 1946 posset,
649 1882 677 1931 id
689 1883 828 1947 acciperet
839 1884 875 1934 ab
886 1883 950 1952 alie,
961 1881 997 1932 ri·
1029 1881 1030 1920 ἶ

193 1948 341 2015 cissimque
352 1951 494 2002 redderet:
517 1967 552 2000 au
569 1957 644 2001 esset
661 1949 713 2002 hoc
728 1952 840 2018 quidem
855 1952 997 2019 proprium
1029 1967 1030 1996 1

122 2025 129 2044 ⁸
193 2018 340 2070 amicitiae.
369 2019 424 2071 Sed
436 2021 578 2091 antiquior
591 2026 619 2071 et
630 2021 773 2085 pulchrior
784 2030 813 2073 ct
823 2023 915 2091 magis
927 2038 944 2073 a
954 2036 998 2071 na·

129 2081 136 2092 “
192 2094 257 2137 tura
270 2087 332 2153 ipsa
346 2089 472 2155 profecta
488 2090 544 2139 alia
555 2101 661 2141 caussa.
697 2091 782 2142 Amor
793 2092 878 2154 enirn,
900 2106 935 2143 ex
945 2105 997 2158 quo
1029 2091 1030 2110 ¹

174 2156 320 2226 'amicitia
336 2159 492 2221 nominata,
512 2160 640 2226 princeps
659 2165 702 2211 est
722 2162 758 2211 ad
774 2161 997 2214 benevolentiam

194 2226 421 2295 coniungendam.
458 2229 529 2280 Nam
548 2229 685 2280 utilitates
697 2229 808 2295 quidem
820 2232 909 2283 etiam
921 2229 998 2282 abiis
1029 2269 1030 2278 ,

193 2298 381 2364 percipiuntur
393 2313 484 2363 saepe,
507 2298 554 2364 qui
565 2297 743 2350 simulatione
754 2301 896 2351 amicitiae
909 2301 999 2352 colun
1029 2295 1030 2358 J

192 2375 240 2417 tur
251 2374 279 2418 et
291 2368 473 2418 observantur
485 2383 584 2419 caussa
596 2370 739 2434 temporis.
774 2370 805 2419 ln
816 2370 946 2422 amicitia
956 2384 999 2421 au·
1029 2395 1030 2426 1

194 2442 249 2487 tem
260 2437 330 2488 nihil
342 2438 445 2498 fleterna,
455 2435 527 2486 nihil
536 2438 711 2502 simulatum3
731 2444 769 2501 et,
780 2439 918 2506 quidquid
929 2442 959 2491 in
969 2454 1011 2500 ee,
1029 2431 1030 2448 ¹

194 2512 247 2567 est,
258 2506 288 2556 id
300 2513 342 2558 est
352 2522 447 2557 verum
459 2511 488 2556 ct
496 2507 694 2559 voluntarium.
729 2509 771 2561 27.
793 2511 974 2578 Quapropter
984 2523 1000 2559 a

193 2581 295 2627 natura
305 2575 373 2627 mihi
383 2576 494 2644 videtur
505 2577 609 2641 petius,
621 2594 703 2645 quam
714 2579 748 2629 ab
760 2578 927 2645 indigentia,
939 2583 999 2631 orta
1029 2561 1030 2614 l

195 2645 334 2709 amicitia,
353 2652 382 2699 et
396 2645 585 2712 applicatione
599 2650 689 2716 magis
704 2648 789 2701 animi
804 2663 867 2700 cum
878 2650 997 2716 quedem
1029 2619 1030 2678 i
