2084 3025
199 127 249 183 102
376 129 433 182 us
449 107 816 184 innumerorum

197 247 259 284 rum
270 234 458 299 spectaculum
469 233 504 285 ad
517 234 623 285 nullum
633 233 711 285 alind
722 249 807 301 genus
817 230 996 286 animantium

120 331 130 337 -
166 330 168 333 <
197 302 328 367 pertinet.
357 301 458 353 Sensus
469 310 569 366 autem,
577 304 743 370 interpretes
753 320 787 354 ac
797 303 888 354 nuntii
898 311 999 364 rer-tam,

181 370 225 421 fin
237 370 335 435 capite,
345 377 485 438 tamquam
496 373 525 422 in
536 387 609 434 arce,
626 371 743 424 mirifico
754 372 789 423 ad
800 388 865 423 usus
875 385 999 423 necessa·

173 487 176 492 ⁴
196 439 256 490 rios
266 445 294 490 ct
304 436 374 490 facti
385 446 413 491 et
423 441 557 502 collocati
566 446 638 492 sunt.
674 440 746 492 Nam
757 441 841 503 oculi,
858 446 998 506 tamquam

197 508 394 574 speculatores,
401 509 566 560 altissimum
576 510 669 561 locum
681 510 819 561 obtinent:
830 524 866 560 ex
914 508 999 574 oplu·

197 577 269 629 rima
278 578 485 644 conspicientes,
499 578 651 645 fungantur
661 594 712 630 suo
724 593 845 630 munere.
899 574 945 628 41.
963 576 1000 630 Et

136 643 138 650 ’
198 660 280 697 aures
299 661 382 712 quum
402 651 498 698 sonum
520 647 664 713 percipere
682 647 813 712 deberem,
834 646 883 713 qui
900 651 1000 696 natura
1030 672 1034 678 ·

98 759 101 764 ⁴
197 714 314 767 sublime
323 715 424 780 fertur3
444 722 521 768 recte
531 716 561 767 in
572 717 637 767 altis
647 732 796 783 corporum
805 715 933 782 partibus
945 712 1000 764 col·
1037 739 1038 774 q

197 783 308 840 locatae
318 791 391 837 sunt.
419 785 543 852 ltomque
553 800 642 848 nares,
653 800 687 837 eo
697 785 770 852 quod
782 784 872 836 omnis
882 782 954 834 odor
964 779 1000 833 ad
1037 783 1038 846 i

195 852 405 919 ¹superal'ertur,
424 861 500 907 recte
510 869 618 905 sursum
628 861 703 905 sunt:
724 853 836 921 etquod
847 852 903 904 eibi
914 856 999 919 etpo·
1037 853 1038 908 l

198 922 285 973 tionis
296 921 430 973 iudicium
440 937 570 990 magnum
580 938 675 976 earum
687 930 743 987 est,
761 938 816 990 npn
831 922 890 988 siue
901 933 1001 974 caussa
1037 941 1039 984 g

168 1009 170 1012 ’
198 991 369 1042 vicinitatem
381 992 437 1042 oris
449 998 561 1044 secutae
572 997 645 1044 sunt.
667 993 725 1043 lam
734 997 883 1059 gustatus.
900 990 1002 1041 uisen-
1037 987 1038 1058 l

197 1060 254 1110 tire
265 1074 369 1120 eorum,
391 1061 491 1127 quibus
501 1061 646 1123 vescimur,
666 1076 769 1127 genera
778 1060 872 1122 debet,
912 1058 1001 1111 abitat
1037 1073 1038 1114 l

198 1128 229 1179 in
240 1143 274 1179 ea
282 1134 362 1194 parte
373 1130 443 1191 oris,
463 1144 519 1195 qua
530 1130 679 1181 esculentis
690 1137 719 1182 et
728 1130 881 1196 petulentia
887 1128 946 1180 iter
955 1141 1002 1178 na·
1037 1129 1038 1186 ἶ

198 1202 264 1248 tura
273 1194 415 1263 patefecit.
450 1199 556 1249 Tactus
569 1204 662 1250 autem
672 1204 733 1251 toto
746 1214 860 1266 corpore
869 1195 1002 1265 aequabi-
1037 1195 1038 1256 ζ

198 1266 265 1318 liter
273 1265 352 1316 lusus
361 1271 449 1327 estut
460 1281 523 1317 omn
541 1283 555 1317 s
566 1266 636 1319 ictus
647 1282 795 1335 omnesque
805 1264 904 1318 nimios
915 1271 944 1318 et
953 1264 1003 1317 fri·
1037 1269 1038 1312 i

198 1336 276 1403 geris
292 1340 322 1385 et
331 1335 434 1386 caloris
448 1282 579 1401 appossus
594 1336 698 1388 sentire
714 1351 866 1403 possemus.
900 1337 1003 1402 Atque,
1037 1331 1038 1402 J

198 1402 413 1455 utinaedificiis
429 1403 574 1457 architecti
588 1411 717 1458 avertunt
734 1405 769 1457 ab
785 1405 875 1458 oculis
891 1409 920 1456 ct
930 1403 1004 1458 nari-
1037 1407 1038 1480 q

197 1473 250 1524 bus
261 1472 435 1525 dominorum
446 1490 493 1538 ca,
512 1489 583 1542 quae
597 1473 765 1541 profluentia
773 1474 933 1528 necessario
942 1479 1003 1526 tae·
1037 1516 1038 1535 2

197 1543 237 1595 tri
256 1550 349 1596 essent
368 1544 475 1610 aliquid
496 1543 637 1596 habitura:
657 1545 700 1596 sic
718 1553 820 1596 natura
834 1560 880 1596 res
894 1542 1002 1595 similes
1037 1592 1038 1595 ,

197 1613 296 1680 procul
307 1613 639 1670 amandaritasensibus.
674 1612 759 1667 LVll.
775 1611 836 1666 142.
853 1612 1002 1674 Quisrero
1037 1610 1038 1681 ξ

102 1702 105 1711 ’
197 1681 307 1749 opifex,
327 1689 438 1749 praeter
449 1688 587 1746 naturam,
603 1698 658 1750 qua
667 1682 738 1735 nihil
748 1689 842 1751 potest
852 1697 912 1734 esse
923 1680 1003 1733 calli-
1037 1696 1038 1729 ;

197 1751 274 1815 dius,
291 1757 400 1802 tantam
416 1751 573 1803 sollertiam
590 1753 717 1818 persequi
727 1753 863 1820 potuisset
875 1752 904 1802 in
914 1751 1004 1804 sensi·

195 1820 265 1872 bus‘l
280 1834 349 1886 quae
361 1819 479 1886 primum
491 1816 588 1871 oculos
599 1821 767 1872 membranis
776 1819 946 1872 tenuissimis
954 1835 1004 1875 ro·

195 1889 275 1959 stitit
285 1892 314 1937 et
323 1888 427 1953 sepsit:
446 1901 515 1953 quas
526 1889 645 1954 primum
655 1890 812 1956 perlucidas
821 1887 1004 1956 fecit,'utper
1037 1924 1038 1927 ,

196 1972 244 2010 aas
263 1955 339 2007 cerni
359 1961 467 2022 posset3
488 1957 583 2009 firmas
603 1964 710 2020 autem,
730 1965 762 2010 ut
782 1959 1003 2013 continerentur.

196 2026 250 2079 Sed
262 2024 384 2075 lubricos
399 2024 494 2076 oeulos
505 2025 587 2089 iecit,
607 2032 636 2078 et
645 2028 778 2093 mobiles,
798 2034 829 2081 ut
840 2034 868 2080 et
879 2026 1004 2081 declina·

195 2100 269 2156 rent,
282 2093 306 2143 si
317 2092 382 2159 quid
392 2100 514 2158 noceret,
533 2100 562 2148 et
571 2094 740 2162 adspectum,
756 2113 809 2165 quo
819 2096 938 2160 vellent,
959 2096 1004 2150 fa·

180 2218 184 2222 .
197 2163 250 2215 cile
261 2168 466 2214 converterent:
488 2165 617 2231 aciesque
627 2163 697 2234 ipsa,
707 2181 762 2233 qua
772 2166 918 2229 cernimus,
928 2181 1003 2233 quae

195 2231 304 2300 pupilla
310 2236 434 2293 uocatur,
444 2232 484 2283 ita
494 2248 581 2299 parva
593 2240 644 2296 est,
654 2241 686 2286 ut
697 2251 739 2297 ea,
750 2241 929 2303 quaenooere
938 2249 1003 2303 pos·
1037 2232 1038 2243 ¹

197 2299 449 2363 sinatacileritet:
470 2303 683 2370 palpebraeque,
701 2319 773 2371 quae
784 2309 1004 2372 sunttegmenta

132 2388 139 2397 e
196 2371 354 2432 oculorum,
369 2370 551 2424 mollissimae
570 2378 657 2435 tactu,
683 2389 718 2425 ne
738 2373 883 2426 laederent
902 2375 1004 2436 aciem,

150 2491 156 2505 ,
196 2439 340 2505 aptissime
355 2437 447 2491 iactae
458 2447 486 2492 et
498 2441 533 2491 nd
549 2439 716 2494 claudendas
732 2443 866 2511 pupillas,
883 2442 1004 2511 nequid

195 2508 340 2571 incideret,
351 2515 379 2561 et
389 2508 425 2560 ad
437 2509 615 2577 aperiendam
633 2510 717 2579 idque
727 2511 854 2578 providit,
869 2517 901 2562 ut
913 2512 1005 2565 idom·
1037 2528 1038 2531 ’

196 2578 283 2631 tidem
296 2580 357 2631 lieri
370 2584 465 2647 posset
479 2595 541 2632 cum
552 2578 675 2630 maxima
685 2580 843 2633 celeritates
863 2576 926 2634 14³.
943 2595 1006 2635 mo·

197 2647 326 2719 uitaeque
350 2646 413 2701 sunt
434 2649 584 2717 palpebrae
603 2652 745 2719 tamquam
764 2650 839 2703 vallo
863 2651 1006 2718 pilumnus
