2084 3025
303 104 632 160 consensum.
668 138 670 144 ι
817 105 871 161 439

54 218 111 266 aut
129 210 158 261 in
169 208 255 261 alium
272 211 417 278 quemdam
429 211 524 266 locum
535 228 569 264 ex
582 210 625 263 his
635 211 707 263 locis
718 217 808 262 morte
820 211 870 261 nri-

55 287 168 350 gretur.
205 280 286 341 Quod
298 281 322 331 si
334 287 423 332 morte
435 296 533 332 sensus
546 283 743 349 exstinguitur,
765 281 869 345 obitus·

55 367 116 419 que
138 355 233 400 noster
254 351 280 400 ei
301 365 397 401 somno
409 351 511 401 similis
525 359 583 413 est,
604 353 650 417 qui
663 366 869 417 nonnumquam

56 421 159 481 etiam,
170 420 231 471 sine
240 420 309 470 visis
319 420 498 484 somniorum,
519 421 734 488 placatissimam
746 420 870 486 quietem

55 489 159 550 offert,
182 489 248 555 qaid
265 489 335 539 lueri
345 497 387 541 est
398 490 506 541 emorii
530 497 579 542 aut
591 491 664 557 quod
677 492 789 542 omnino
801 495 874 539 tem*

55 574 115 626 pus
125 559 242 624 reperiri
254 565 355 625 potest,
366 559 439 626 quod
451 562 476 610 ci
488 561 608 629 tempori
620 566 813 626 anteponatur,
824 558 870 608 cui

56 626 166 680 similis
177 628 272 678 futura
283 634 326 680 est
336 629 507 695 perpetuitas
520 632 610 681 omnis
622 628 815 696 consequentis
824 644 869 679 ae·

57 695 148 749 satist
169 696 218 748 Sin
229 699 424 767 migrationem
436 700 565 750 malimus
579 716 640 751 esse
651 706 769 751 mortem
781 699 809 765 in
821 712 869 749 eas

57 782 142 828 oras,
163 782 231 833 quas
247 784 262 819 c
276 767 465 834 vituprofecti
476 770 614 825 incolunt:
633 770 697 835 quid
710 767 869 835 optabilius,

56 850 145 903 quam
158 837 193 887 ad
205 852 253 888 cos
264 837 417 903 proticisci,
436 854 505 904 quos
522 845 649 890 mortuos
660 840 754 891 vivens
766 837 872 903 ‹lilcrte-¹
922 848 928 867 ⁹

56 906 114 969 ris3
136 913 164 956 ct
178 921 238 957 cum
250 907 288 957 iis
298 913 434 975 perpetua
445 909 502 959 vita
512 907 619 975 perfrui
625 945 633 970 ,
653 909 714 976 qui,
734 913 766 956 ut
776 922 826 956 nos
839 906 869 956 in

53 974 145 1027 laude
155 976 311 1029 viveremus
324 982 353 1028 et
362 977 482 1029 libenter
492 994 672 1040 moreremur,
684 978 742 1028 suis
754 984 868 1043 etprae-

54 1045 151 1110 ceptis
164 1051 192 1097 et
202 1046 336 1112 exemplis
347 1052 494 1114 tantopere
504 1047 685 1099 laborarunt?
705 1045 778 1096 Mihi
792 1050 868 1097 certe

24 1138 39 1165 s
53 1113 133 1166 nihil
152 1115 264 1173 videtur
280 1114 389 1170 evenire
401 1131 482 1183 posse
493 1118 614 1184 gratius,
637 1131 734 1183 quam,
756 1117 780 1166 si
792 1131 867 1166 mors

55 1184 167 1235 aditum
179 1185 282 1235 adalia
294 1185 356 1236 loca
367 1184 531 1251 patefaciat,
552 1186 588 1237 ad
600 1187 752 1238 eos-venire
764 1192 793 1237 et
805 1201 867 1236 cunr

52 1254 94 1304 iis
106 1268 176 1316 esse,
192 1269 261 1320 quos
273 1261 301 1305 et
312 1256 431 1308 maxime
443 1256 538 1319 dilexi,
562 1263 590 1308 et
601 1272 749 1322 numquam
762 1271 817 1305 non
827 1254 867 1304 «Ιί-
939 1293 941 1298 .

53 1323 149 1388 ligere
162 1338 194 1374 ee
204 1323 321 1376 laudare
333 1340 454 1390 possum.
486 1326 528 1377 no
539 1342 614 1378 meos
626 1333 720 1377 autern
732 1331 760 1376 et
770 1319 872 1376 allines'

54 1399 88 1446 et
101 1393 206 1444 amicos
218 1399 249 1444 ut
259 1409 419 1460 pervenero,
442 1402 613 1462 quantopere
625 1395 764 1446 laetabor!
787 1394 875 1458 Quae,
942 1447 946 1455 ,

52 1461 207 1515 iucundior
218 1464 384 1527 collocutio,
408 1465 456 1531 qui
465 1466 579 1515 suavior
588 1464 634 1517 vel
646 1479 810 1532 congressus
820 1462 867 1515 vel

54 1533 239 1597 complexuri
260 1533 283 1585 Ο
304 1535 392 1585 vitam
412 1550 477 1586 vere
498 1534 623 1597 vitalem,
645 1541 677 1585 ut
696 1536 736 1585 ait
752 1534 867 1596 Ennius,

54 1603 185 1655 omnibus
208 1604 288 1654 bonis
305 1619 337 1655 ac
351 1604 460 1675 gaudiis
471 1602 720 1657 circumfluentem:
742 1604 790 1655 sed
802 1604 867 1655 bea·
920 1625 923 1633 ¹

52 1673 213 1723 tumetium
226 1680 354 1737 mortem,
373 1687 444 1740 quae
456 1674 491 1724 ad
503 1674 693 1726 beatissimam
705 1675 794 1723 vitam
808 1669 875 1737 adi·[

52 1749 118 1793 turn
140 1742 257 1808 aperiat.
293 1743 341 1794 M'c
361 1743 484 1810 quidem,
504 1744 559 1795 etsi
581 1743 680 1794 dolore
690 1741 868 1795 veliementer

51 1812 216 1880 perculsum
229 1818 258 1863 et
269 1811 412 1876 afflictum,
434 1811 477 1863 his
488 1818 583 1864 tamen
592 1814 706 1880 monitis
717 1818 746 1863 et
756 1827 868 1879 praeec-
918 1859 920 1863 ,

27 1917 34 1924 ι
51 1879 112 1951 ptis
133 1896 188 1932 non
210 1881 388 1935 mediocriter
404 1883 521 1935 allevari
540 1883 644 1934 sentio:
665 1883 760 1948 itaque
782 1883 867 1933 nemi·
931 1879 934 1888 ’

50 1965 120 2003 nem
130 1957 198 2017 puto
211 1950 282 2012 iore,
304 1966 384 2017 quem
395 1968 451 2002 non
461 1953 599 2013 rationes,
619 1966 636 2001 a
647 1952 727 2003 nobis
738 1958 797 2003 tarn
809 1960 873 2003 stu-.

51 2021 139 2073 diosc
155 2036 171 2072 e
186 2022 343 2086 sapientum
359 2021 440 2072 libris
461 2021 610 2083 collectae,
630 2022 726 2073 iuvent
742 2039 775 2073 ac
791 2023 866 2074 dele·

51 2096 144 2143 ctcnt:
165 2104 253 2156 eoque
265 2090 370 2157 magis,
390 2105 444 2158 quo
461 2091 582 2144 leviores
593 2097 674 2143 erunt
686 2092 806 2143 aliorum
818 2092 866 2142 do·
893 2095 896 2098 '

50 2161 148 2221 lorus,
167 2174 250 2225 quarn
270 2158 329 2221 hic,
351 2175 405 2227 quo
427 2175 479 2212 nos
498 2167 646 2228 tantopere
655 2164 749 2214 vexati
761 2177 864 2215 sumus.

13 2267 15 2280 .
52 2228 129 2282 Nam
140 2228 165 2279 si
177 2244 264 2293 umor,
284 2230 310 2280 si
319 2230 410 2296 pietas
422 2231 506 2294 tiliae,
517 2232 649 2294 sivimus,
660 2234 684 2283 si
696 2233 828 2299 gravitas,
840 2231 875 2298 si

54 2299 230 2361 constantie,
249 2300 392 2363 nicetem,
412 2316 482 2367 quae
497 2302 547 2352 vix
561 2302 591 2352 in
606 2301 717 2353 leminis
734 2302 864 2369 spectari,

50 2366 156 2422 nedum
165 2370 273 2435 requiri
284 2370 383 2433 solent,
395 2370 600 2424 considerando
609 2373 678 2422 sint:
696 2371 865 2440 tantaiapta

49 2438 178 2499 iactura,
200 2438 365 2505 gravissime
386 2441 482 2492 dolere
506 2440 660 2493 debuimus.
697 2440 752 2502 Sed
770 2442 865 2492 vincat

13 2565 15 2568 ,
53 2506 183 2558 dolorem
201 2510 370 2563 consolatio:
388 2527 440 2563 nec
452 2512 520 2575 iam,
532 2511 598 2577 quid
609 2511 794 2571 amiserimus,
806 2510 864 2571 sed,

13 2599 14 2602 ¹
52 2582 194 2643 quatenus
205 2581 353 2632 mortalem
365 2581 452 2632 filiam
463 2582 560 2648 lugere
572 2580 678 2641 deccat,
700 2580 863 2647 cogitemus.

50 2646 118 2700 Hoc
127 2661 178 2699 nor
187 2646 217 2703 iu
228 2659 356 2705 maerore
366 2649 480 2705 nostro:
500 2650 575 2721 quod
586 2656 661 2704 certe
671 2649 752 2701 fortis
765 2655 807 2701 cst
819 2664 863 2702 ae·
