2084 3025
262 157 382 228 urar.
419 158 503 216 cnr.
520 159 635 217 rom.⁸
788 159 837 219 aar

36 260 320 347 gloriaecupillitatp.
340 264 395 327 Qui
404 264 483 347 locus
493 273 537 318 cet
547 281 614 319 canc
623 263 756 328 lubricus,
767 267 839 335 quod

35 333 243 396 rinrnremtur,
265 349 322 401 qur,
337 334 480 386 laboribus
491 337 636 403 susceptio,
656 337 841 404 periculisque

34 403 132 521 aditi?
151 416 208 454 non
219 404 299 468 quani
308 403 463 456 mercedem
474 420 567 456 rerum
581 411 724 474 gestarum
734 405 841 459 ‹lorido›

26 478 89 525 set·
120 471 220 523 oriam.

87 486 151 592 {X
168 541 212 593 66.
222 541 343 593 Omnino
354 541 437 594 fortir
449 543 558 595 unimur
569 549 599 596 et
608 557 725 612 magnus
735 543 842 596 duobus

35 609 121 664 rebus
131 610 253 664 maxime
263 611 395 663 cernitur:
417 627 533 679 quorum
543 626 599 663 una
609 611 638 663 in
647 627 741 664 rerum
752 619 842 666 entor-

36 694 137 731 narum
157 678 340 746 despicientia
360 682 485 747 ponitur,
505 695 591 747 quum
612 695 774 748 pennarum
795 682 841 746 rit,

36 747 106 800 nibil
116 746 271 811 bominem,
292 749 345 800 nini
355 749 429 816 quod
438 749 584 802 honestum
596 750 782 817 decorumque
792 752 841 815 eit,

36 824 87 870 aut
96 817 232 868 admirari
242 824 291 869 aut
302 825 399 885 optare
409 824 457 871 out
467 826 600 885 expetere
611 826 750 886 oportere,
760 819 842 870 nulli·

38 901 94 955 que
104 901 194 951 neque
205 884 310 937 honuni
320 902 408 956 neque
417 888 625 955 perturbationi
634 888 718 940 animi
725 903 776 939 nec
787 887 842 940 lor·

38 955 125 1007 tanne
136 957 324 1008 succumbere.
359 957 575 1020 Alteraortree,
594 964 638 1021 ut,
659 971 742 1025 quum
754 957 843 1009 itacio

39 1023 160 1076 affectus
170 1024 271 1085 animo,
285 1031 410 1090 utsupra
420 1027 487 1087 (lixi,
503 1041 550 1078 rea
559 1042 642 1096 geras
651 1041 767 1094 magnae
776 1026 843 1079 illan

40 1092 194 1162 quidemet
205 1092 434 1156 monimentum,
454 1095 503 1147 eod
514 1102 545 1147 ut
555 1095 733 1158 vehementer
741 1095 844 1148 arduae

40 1162 193 1231 plenasque
206 1160 331 1212 laborum
343 1168 372 1213 et
386 1164 587 1229 periculorum,
606 1172 666 1218 turn
676 1167 764 1228 ritae,
784 1172 844 1218 tum

41 1231 193 1284 multorum
204 1230 321 1281 aliarum
335 1243 442 1295 rerum,
461 1247 533 1299 quae
547 1234 583 1286 ad
597 1236 685 1286 vitam
695 1236 845 1301 pertinent.

40 1300 85 1353 67.
102 1300 211 1350 Harum
222 1314 314 1350 rerum
328 1300 445 1352 duarum
459 1301 592 1369 splendor
607 1304 697 1354 omnis
708 1311 736 1355 et
748 1304 845 1369 ampli·

41 1369 120 1430 tudo,
133 1368 210 1420 addo
220 1369 304 1420 etiam
313 1369 473 1433 utilitatem,
482 1372 512 1423 in
520 1372 735 1437 posteriorecet:
747 1386 846 1423 caussa

40 1444 139 1492 autem
156 1444 185 1489 et
194 1438 269 1489 ratio
284 1437 405 1492 efficium
416 1455 532 1508 magnos
543 1440 632 1503 viror,
652 1446 695 1491 eet
706 1442 734 1490 in
744 1442 845 1506 priore.

40 1508 119 1563 tneo
130 1514 175 1560 est
185 1508 257 1559 enim
268 1507 354 1572 illud,
374 1509 448 1577 quod
459 1509 628 1563 excellentes
643 1509 750 1561 nniumr
761 1517 789 1561 et
799 1507 848 1561 bu·

43 1592 127 1631 mana
138 1584 346 1630 contemnenter
363 1579 438 1631 lacit.
473 1580 505 1630 lu
515 1586 609 1632 autom
624 1580 716 1645 iprum
726 1579 849 1630 cernitur

43 1648 73 1699 iu
83 1646 203 1710 duobus,
217 1648 243 1698 ai
253 1654 281 1699 ct
291 1648 380 1700 solum
390 1648 429 1712 id,
443 1649 518 1716 quod
529 1648 674 1699 honestum
685 1649 731 1709 rit,
746 1650 848 1700 bonurn

43 1717 166 1779 iudices,
175 1722 205 1769 et
215 1717 290 1769 omni
300 1718 385 1769 animi
397 1718 606 1784 perturbatione
618 1717 689 1769 liber
699 1719 747 1769 ris.
775 1716 848 1769 Nam

44 1793 76 1839 et
86 1800 134 1848 eo,
153 1798 226 1852 quae
241 1786 343 1838 exirnla
356 1788 495 1855 plerisque
510 1794 540 1841 et
553 1787 698 1854 praeclare
712 1786 851 1851 ridentur,

46 1869 137 1924 parre
159 1854 270 1917 ducere,
289 1870 376 1923 eaque
395 1857 626 1910 ratione-stabili
640 1856 772 1924 lirmnque
787 1868 850 1909 cun·

46 1932 182 1985 temnere,
192 1924 276 1977 fortis
288 1927 372 1976 animi
380 1927 528 1994 magnique
540 1925 694 1979 ducentium
706 1932 761 1978 eut:
773 1932 800 1979 et
807 1940 851 1989 ea,

46 2009 120 2062 quae
135 1993 269 2046 ridentur
279 1996 391 2057 acerba,
410 2009 481 2063 quae
491 1996 581 2047 multa
597 1997 714 2047 etvaria
724 1997 753 2047 in
763 1994 851 2048 bomi-

47 2078 112 2116 num
122 2063 185 2114 vita
193 2061 361 2132 fortunaque
374 2071 533 2127 vereantur,
550 2066 593 2116 ita
607 2064 693 2129 ferre,
713 2071 745 2116 ut
755 2065 824 2117 nllrll
834 2078 853 2116 n

48 2139 126 2185 statu
141 2138 261 2185 naturae
279 2133 418 2197 discedas,
437 2133 506 2185 nibil
521 2150 538 2186 a
556 2134 692 2202 (lignitate
706 2134 852 2201 sapientie,

48 2201 160 2255 robusti
170 2203 256 2253 animi
270 2210 312 2255 eet
324 2218 495 2271 magnaeque
512 2205 693 2256 cirnatantlae.
728 2204 772 2255 66.
788 2203 852 2255 Non

49 2275 94 2325 est
104 2272 204 2322 'autern
220 2278 445 2335 consentaneum,
467 2271 514 2339 qul
533 2280 608 2324 metu
628 2288 682 2323 non
696 2270 852 2338 frangatur,

50 2354 114 2392 eum
125 2341 220 2409 frangi
231 2341 397 2408 cupiditate:
415 2356 474 2403 nuc,
483 2342 532 2408 qui
541 2341 674 2393 inuictum
685 2357 716 2393 ac
727 2357 745 2391 a
755 2340 852 2391 labore
894 2384 898 2389 .

51 2411 236 2479 praestiterit,
243 2411 318 2462 rinei
329 2427 346 2462 a
356 2410 511 2476 voluptate.
548 2410 732 2471 stirnmobrcm
745 2416 773 2458 ct
784 2406 853 2458 baec

51 2479 184 2541 ridenda,
192 2486 222 2531 et
232 2480 364 2545 pecuniae
374 2478 506 2547 fugiende
516 2479 662 2545 cupiditas.
689 2474 769 2528 Nihil
778 2474 852 2525 onim

53 2555 98 2603 est
107 2554 169 2600 tam
179 2550 292 2616 angusti
301 2548 387 2601 animi
396 2555 510 2614 tamque
520 2548 608 2614 parri,
618 2560 699 2613 quam
710 2556 804 2594 amare
814 2540 853 2590 di·

53 2617 154 2671 ritino:
176 2616 246 2669 nibil
256 2617 400 2670 honestius
408 2616 693 2685 magnificentiusque,
714 2623 796 2675 quarn
808 2623 854 2676 pe·

54 2688 168 2741 cuniam
182 2692 372 2750 contemnere,
391 2685 417 2739 ri
430 2699 486 2739 non
502 2685 619 2738 babeas:
641 2680 667 2731 ei
680 2678 796 2763 babeat,
817 2671 856 2728 ml
923 2740 925 2749 y
