2084 3025
173 156 260 216 “DE
278 162 473 218 AMICITIA
490 164 574 219 CAP.
593 165 689 219 2425.
813 164 849 221 bb

38 268 205 335 multaeque
212 283 325 320 caussae
337 269 523 335 suspicionum
535 270 773 336 offensionumque
783 269 860 329 dana

37 344 97 390 tur:
127 354 198 406 quas
209 345 268 389 tum
283 340 396 402 evitare,
416 346 476 390 tum
487 340 611 402 elevare,
632 348 692 392 tum
704 338 786 402 ferre,
806 356 850 391 sa·

36 408 142 474 pientio
155 414 207 458 est.

92 478 158 528 Una
175 478 226 528 illa
240 479 410 530 sublevanda
420 479 539 531 offensio
549 485 607 543 est,
629 486 660 530 ut
669 486 697 530 ct
706 481 810 531 veritas
820 479 851 530 iu

37 548 170 598 amicitia
181 554 209 598 et
219 548 287 599 fides
299 551 463 601 retineatur.
500 549 572 601 Nam
582 558 610 601 et
624 548 755 601 monendi
766 548 851 600 amici

37 631 126 682 saepe
137 623 211 679 sunt,
222 624 251 670 et
262 619 439 686 obiurgamli3
455 625 484 671 et
495 617 566 670 llaec
577 618 742 685 accipienda
753 619 852 679 atroce,

1 706 5 715 ·
36 700 129 752 quum
139 687 275 738 benevole
286 690 363 740 fiunt.
400 690 442 741 89.
461 688 525 751 Sed,
540 691 634 740 nescio
647 687 795 754 quomodo,
805 702 851 738 re·

35 770 102 806 rum
113 761 172 816 eat,
193 758 267 824 quod
276 758 305 808 in
314 758 419 808 Andria
429 758 579 808 sartrlliaris
590 774 668 810 meus
680 757 761 808 dicit:

75 823 245 892 Obsequium
257 827 365 890 amicos,
375 828 478 880 neritus
490 827 583 878 odium
590 828 679 895 parit.

36 894 171 947 Molesta
187 898 306 959 veritas,
327 899 352 947 si
367 896 479 964 quidem
497 911 532 947 ex
551 913 584 947 ea
601 897 725 948 nascitur
740 895 851 958 odium3

38 964 120 1033 quod
135 971 179 1017 est
189 982 324 1018 venenum
340 968 495 1018 amicitiae:
518 966 568 1017 sed
580 967 743 1032 obsequium
760 964 852 1015 multo

39 1035 206 1096 molestius,
231 1036 316 1102 quod,
341 1037 462 1103 pcccatis
483 1036 645 1102 indulgens,
667 1035 852 1102 praecipitem

39 1106 166 1179 amicum
179 1103 248 1157 ferri
263 1107 337 1157 siolt.
374 1106 500 1157 Maxima
513 1116 608 1159 autem
620 1105 701 1173 culpa
712 1105 740 1155 in
751 1120 785 1158 co
797 1109 852 1166 est,

39 1176 91 1244 qui
106 1182 135 1227 et
146 1175 294 1228 veritatem
307 1185 484 1243 aspernatur,
503 1184 532 1228 et
543 1178 571 1227 in
582 1176 707 1228 fraudem
718 1174 852 1242 obsequio

38 1244 212 1328 impelfitun
250 1246 333 1296 Omni
349 1247 437 1313 igitur
453 1246 504 1298 hac
518 1248 548 1297 in
559 1263 590 1299 re
601 1245 729 1297 habenda
738 1246 813 1296 ratio
825 1248 855 1295 ct

40 1316 194 1383 dihgentia
205 1322 260 1369 est:
273 1317 400 1382 palmum,
411 1324 442 1367 ut
452 1318 571 1369 monitio
581 1316 742 1376 acerbitate,
753 1312 854 1365 deinde

39 1387 207 1454 obiurgatio
234 1387 405 1441 contumelia
431 1394 536 1439 careat:
562 1387 590 1436 in
616 1384 740 1452 obsequio
762 1389 856 1434 eutem
917 1418 921 1433 .

38 1457 189 1528 (quoniam
207 1457 377 1508 Terentiano
394 1458 480 1510 verbo
498 1457 627 1508 lubenter
641 1455 755 1516 utimur)
771 1452 856 1504 comi·

39 1536 86 1581 tas
100 1526 190 1578 adsitz
207 1528 369 1589 assentatio,
383 1528 517 1578 vitiorum
529 1526 661 1586 adiutrix,
671 1523 769 1591 procul
780 1536 855 1574 amo·

38 1604 159 1650 reaturt
171 1611 242 1664 quae
254 1613 308 1648 non
320 1598 403 1648 modo
414 1599 515 1658 amico,
533 1596 582 1647 sed
594 1611 628 1647 ne
640 1596 729 1646 libero
742 1592 856 1660 quidem

41 1669 134 1736 digna
146 1673 197 1718 est.
221 1667 278 1720 Alit
321 1667 392 1720 enim
406 1682 468 1718 cum
480 1673 610 1733 tyranno,
622 1665 705 1716 aliter
716 1678 778 1714 cum
789 1660 856 1713 ami·

41 1755 77 1791 co
91 1735 208 1788 vivitur.
306 1738 393 1788 Cuius
405 1743 498 1789 autem
513 1752 594 1787 aures
609 1734 725 1786 veritati
743 1732 855 1783 clausae

40 1813 122 1868 sunt,
135 1811 170 1856 ut
181 1807 216 1857 ab
226 1799 317 1858 amico
330 1823 426 1859 verum
437 1806 535 1858 audire
545 1810 673 1872 nequeat,
686 1803 769 1854 huius
779 1802 856 1853 salus

40 1876 223 1943 desperanda
236 1883 287 1929 est.
325 1876 429 1928 Scitum
445 1882 488 1929 est
504 1876 577 1928 enim
594 1874 664 1925 illud
676 1872 804 1934 Catonis,
824 1876 858 1921 ut

39 1948 153 2010 multa3
163 1945 268 1997 Melius
279 1947 313 1997 de
325 1946 489 2013 quibusdam
502 1945 618 1998 acerbos
628 1944 757 1994 inimicos
769 1955 857 2010 merc·

39 2018 76 2080 ri,
95 2030 181 2083 quam
192 2030 240 2067 eos
250 2016 365 2078 amicos,
387 2017 435 2082 qui
447 2015 544 2066 dulces
554 2015 713 2066 videantur:
734 2012 800 2063 illos
811 2026 856 2062 re·

39 2102 108 2140 rum
120 2100 206 2151 saepe
218 2085 320 2146 (litere,
332 2085 384 2136 hos
395 2100 555 2151 numquam,
578 2086 668 2151 Atque
678 2082 748 2133 illud
760 2083 857 2133 absur-

41 2157 116 2209 dum
138 2160 190 2217 est,
212 2155 286 2221 quod
308 2155 338 2217 ii,
360 2156 407 2222 qui
427 2161 586 2217 monentur,
607 2170 669 2207 eam
686 2152 856 2212 molestiam,

41 2241 132 2295 quam
144 2224 246 2277 debent
258 2240 369 2292 capere,
381 2241 438 2275 non
449 2225 574 2290 capiunt:
591 2239 651 2275 eam
663 2222 786 2289 capiunt,
801 2234 858 2287 qua

40 2297 151 2349 (lebant
171 2309 281 2348 vacare.
318 2294 453 2346 Peccasoc
472 2295 607 2355 enimse,
626 2307 682 2343 non
703 2296 857 2357 unguntum

42 2365 209 2431 obiurgari,
231 2365 349 2415 moleste
366 2362 473 2415 lerontz
499 2361 574 2429 quod
585 2368 683 2418 contra
694 2361 857 2426 oportebat3
938 2383 940 2388 ·

41 2435 153 2488 delicto
171 2433 280 2497 dolere,
302 2433 474 2486 correctione
489 2430 631 2499 gaudere<
657 2427 746 2480 XXV.
764 2424 807 2478 91,
818 2426 857 2478 Ut

39 2507 135 2573 igitur
150 2509 180 2555 et
194 2513 307 2556 monere
323 2510 351 2556 et
363 2502 472 2554 moneri
485 2501 630 2567 proprium
641 2504 685 2550 est
695 2512 778 2549 verae
789 2494 858 2546 ami-

42 2577 147 2639 citiam
163 2580 192 2626 ct
203 2573 323 2626 alterum
334 2573 423 2626 libore
432 2570 534 2630 facem,
545 2584 600 2620 non
610 2582 722 2633 aspere3
738 2565 859 2617 alterum

41 2644 339 2716 patienter-accipere,
360 2657 416 2693 non
426 2644 628 2707 repugnanter:
649 2637 690 2687 sic
699 2634 857 2688 habendum

40 2722 98 2777 est,
118 2712 226 2770 nullam
216 2714 267 2838 X,iu
277 2712 410 2767 amicitiis
419 2708 529 2780 pestem
539 2723 601 2762 esse
610 2705 755 2830 ''fiam'’
773 2717 860 2773 quam

79 2785 142 2837 cic.
155 2784 206 2836 0r.
500 2832 504 2840 ,
