2084 3025
179 161 233 218 eto
263 148 274 171 *
372 157 550 212 luceam
567 155 781 225 necroprs

181 282 262 320 raum
276 264 389 317 fabulae
401 268 529 324 narrant,
547 261 606 330 lori
617 269 699 329 atque
708 259 836 327 Apollini
851 258 941 313 fuisse
951 277 995 314 ca·

182 336 337 397 tissimum,
357 349 446 401 neque
457 342 550 383 tarneu
560 332 639 383 illum
650 333 758 384 senium
771 331 918 396 attigisse.
953 331 998 385 Ex

184 421 240 474 quo
253 405 321 472 quid
332 404 408 455 aliud
421 403 522 454 eoniici
534 408 639 469 potest,
659 417 741 468 quam
753 402 856 451 mortis
869 401 998 454 celerita-

183 483 239 528 tem
251 475 374 526 divinum
387 488 484 523 munus
494 479 524 523 et
538 473 645 522 lucrum
658 487 718 523 esse
729 470 911 522 maximumt
946 471 999 522 lta·

184 560 238 615 que
249 546 351 596 scitum
364 550 406 594 est
416 543 485 593 illud
497 543 646 593 comicum:

246 614 314 668 Nam
326 615 497 680 quadraretur
507 612 589 678 fitque
601 610 695 681 diligit
704 608 791 673 Deus,
873 629 877 637 ·

243 684 352 737 Iuvenis
363 698 516 750 supremum
527 681 623 733 nrdrtir
634 681 722 732 intrat
732 680 857 732 limitem.
874 734 878 739 ,

183 755 329 808 Neminem
341 753 426 814 cuim,
448 767 529 818 quem
541 751 690 803 dilexerint
700 750 764 813 Dii,
776 751 930 816 patiuntur
939 767 999 803 esso

183 826 323 880 miserum.
354 823 445 884 Quare
456 822 542 873 eitam
555 821 604 884 eis,
618 816 793 870 miseriarum
804 821 932 886 plenam,
944 822 1000 873 adi·

182 900 261 946 mant
271 907 382 961 neeesse
394 898 444 943 est.
457 891 532 952 Quid
542 898 634 942 autem
646 891 808 959 contingere
818 889 932 941 homini
941 899 1000 943 tam

183 969 293 1032 gratum
310 967 416 1027 potest,
438 961 513 1028 quod
529 976 592 1011 eom
609 974 776 1027 magnopere
795 961 827 1010 in
845 960 913 1010 rita
934 961 1000 1012 reti·

181 1033 274 1086 neat‘l·
293 1030 441 1100 Voluptas,
463 1031 557 1091 credo,
577 1046 660 1097 quam
672 1042 707 1080 ex
722 1029 842 1080 alieuius
852 1030 920 1081 sire
930 1032 1000 1082 artis
1033 1054 1034 1089 l

182 1104 242 1155 sire
253 1101 398 1152 doctrinae
408 1101 580 1152 tractatione
595 1100 723 1166 percipit.
758 1100 795 1151 lu
807 1099 946 1152 doctrina
957 1115 1000 1152 ae·

182 1172 375 1233 mulotionem,
387 1171 509 1221 omnium
520 1186 611 1221 rerum
623 1166 863 1231 molestissimam,
877 1171 902 1220 si
916 1186 999 1237 quac·

180 1243 231 1305 ris,
242 1241 325 1292 etiam
338 1240 463 1292 dolorem
474 1241 558 1306 parit.
577 1239 641 1290 Non
650 1245 709 1289 tarn
721 1241 795 1290 enim
807 1238 998 1301 delectamur,

183 1311 291 1379 aliquid
299 1310 446 1372 discentes,
458 1325 541 1375 quam
552 1308 688 1376 angimur,
696 1308 785 1358 multo
798 1307 886 1374 plura
897 1325 933 1360 ac
943 1324 998 1359 ma·

182 1383 253 1444 lora,
265 1395 334 1448 quae
345 1379 417 1431 scire
428 1380 572 1441 vellemus,
583 1379 696 1445 ponitus
707 1378 886 1443 ignorantes.
916 1381 997 1431 Artes

183 1466 259 1512 vero,
279 1466 348 1518 quas
358 1450 501 1501 tenuiores
513 1453 649 1509 tractant,
671 1447 738 1515 quid
749 1445 853 1499 habeut
866 1448 997 1516 volupta-

183 1522 236 1584 tis,
256 1528 304 1571 aut
315 1519 383 1587 quid
399 1535 456 1571 non
475 1520 571 1586 potius
592 1519 784 1569 molestiarum
797 1524 828 1569 et
839 1519 999 1571 niaerorist

185 1593 298 1654 Quanta
307 1591 380 1641 inter
391 1603 447 1651 eos,
464 1591 511 1664 qui
522 1590 588 1641 illas
599 1595 738 1650 exercent,
756 1588 894 1653 pertidia!
918 1605 1001 1656 quau·

184 1667 244 1711 tum
261 1659 369 1711 odium!
390 1665 493 1726 quanta
508 1658 625 1709 invidia!
645 1664 695 1709 aut
710 1661 771 1723 quis
787 1663 834 1708 est
850 1674 910 1710 sua
925 1667 1002 1714 sorte

185 1729 341 1792 c'ontentus,
357 1736 386 1781 et
397 1744 451 1780 non
462 1729 571 1781 alienae
582 1729 640 1779 sire
653 1727 820 1790 industriae,
835 1728 903 1780 sive
915 1728 1002 1780 furtu·
1033 1730 1034 1735 ’

141 1857 144 1862 ,
184 1816 239 1852 uae
253 1800 416 1861 aemulator,
433 1813 512 1861 osor,
535 1796 695 1850 detractori
722 1796 772 1849 Sin
784 1796 905 1849 civilem
916 1799 1003 1850 ritum

185 1870 330 1937 quisquam
342 1869 464 1935 appetit,
483 1869 549 1921 etin
560 1867 729 1935 reipublicae
744 1865 807 1917 luce
825 1867 929 1920 rivere
943 1867 1001 1936 pul·

185 1938 281 1991 cirrum
290 1945 379 2005 putat,
390 1939 415 1988 is
425 1953 456 1989 so
466 1939 568 2005 exigua
578 1953 611 1989 ae
620 1952 707 2003 paene
717 1937 795 1987 nulla
807 1934 935 1990 honoris
946 1954 1002 2006 spe·

186 2010 228 2061 cie
238 2023 353 2074 magnas
364 2021 529 2073 comparare
540 2004 718 2058 calamitates
729 2012 808 2058 certo
820 2007 909 2059 sciat.
932 2009 1003 2070 Quo·

185 2083 231 2132 tus
243 2081 314 2130 enim
326 2078 440 2144 quisque
451 2085 506 2140 est,
529 2078 573 2128 cui
587 2091 641 2128 non
656 2075 768 2143 publica
782 2075 1001 2130 administratio

185 2150 233 2201 rel
244 2147 378 2199 maeroris
388 2146 434 2198 vel
443 2147 687 2198 iacturaetantum
698 2144 841 2209 attulerit,
864 2144 1002 2215 quantum

118 2269 120 2274 .
184 2216 602 2283 serbisexplicare-rixqueatt
630 2216 714 2277 Ausi
726 2215 760 2266 de
771 2218 935 2271 totoritae
946 2232 1001 2269 eur·
1033 2251 1035 2284 ,

186 2302 219 2340 su
234 2286 359 2340 iudicare
377 2301 441 2337 vere
461 2288 601 2347 volumus,
622 2284 913 2340 exitum'rideamus.
951 2288 1002 2339 Ubi

187 2357 286 2424 optimi
301 2354 473 2421 reipublicae
490 2356 746 2416 administratores,
769 2369 823 2405 seu
838 2360 943 2410 terius
958 2372 1001 2425 pa·

184 2432 287 2487 rentes,
307 2423 462 2488 Miltiades,
483 2424 642 2492 Ephialtes,
664 2425 755 2486 Cimo,
775 2421 1001 2489 Themid'tocles,

183 2492 338 2545 Aristides?
365 2493 507 2554 Quantum
527 2496 585 2545 illis
601 2494 683 2556 fides,
704 2494 819 2557 caritas,
841 2495 1001 2566 integritas,

182 2564 342 2612 constantia
362 2564 471 2629 peperit
488 2563 689 2617 miseriaelaut
703 2579 759 2614 non
775 2564 865 2616 modo
889 2566 1001 2620 honori·

182 2630 243 2691 bns,
255 2631 403 2696 dignitate,
416 2631 588 2685 auctoritate
599 2634 735 2701 spoliarit,
747 2633 796 2685 sed
809 2637 902 2688 etium
915 2641 946 2691 in
959 2651 1002 2691 ex·

183 2697 276 2750 silium
287 2698 405 2752 miserit.
441 2702 525 2766 Quod
539 2710 638 2775 eontra
649 2699 813 2773 oportebat:
833 2706 920 2761 viros
933 2709 1003 2776 opti·
1033 2735 1034 2738 ¹

474 2796 485 2828 r
