2084 3025
289 148 368 203 nrn.
385 150 429 204 ιι.
456 149 541 204 cnr.
558 146 602 204 15.
644 210 655 231 ,
803 146 856 206 ³25

52 245 176 311 duriores
191 254 267 319 forte
282 255 439 318 videamur,
461 255 490 305 in
500 254 594 308 media
605 252 726 307 Graecia
733 253 857 324 Diagon·

52 330 103 380 das
113 326 261 379 Thebanus
281 325 344 392 legs
364 330 503 391 perpetua
518 325 639 377 sustulit.
677 326 774 377 Novos
788 339 856 379 vcro

48 398 134 459 Deos,
144 404 173 448 et
183 397 214 447 in
223 392 267 445 his
279 394 403 447 colendis
414 401 564 447 nocturnas
574 395 803 463 pervigilationes
814 396 858 448 sic

49 465 258 534 Aristophanes,
278 464 464 516 facetissimus
474 471 560 533 poeta
569 467 673 519 veteris
684 466 858 532 comoediae,

51 543 149 600 vexat,
168 542 201 587 ut
210 534 284 601 apud
294 550 357 586 eum
367 533 505 590 Sabazius
513 541 542 588 ct
554 536 668 603 quidam
684 537 734 588 alii
748 536 797 588 ilii
811 551 860 603 pe·

50 607 156 675 pegrini
164 605 286 656 iudicati
297 620 312 656 e
323 605 439 661 civitate
451 606 611 657 eiiciantur:
625 606 753 672 publicus
763 614 860 659 autem
896 648 900 657 .

50 677 199 738 sacerdus,
219 674 436 741 imprudentiam
452 676 571 727 consilio
583 677 724 742 expiatam
737 683 812 728 metu
826 676 860 727 li·

50 747 143 810 ὦπας
166 745 312 798 audaciam
327 745 357 801 ia
368 743 550 798 admittendis
564 745 751 814 religionibus
766 744 860 799 foedis

53 817 165 872 damnet
175 822 259 882 atquc
269 815 384 881 impiam
393 814 508 869 mulcet.

105 885 148 939 38.
164 886 224 936 lam
237 884 299 936 ludi
313 875 433 952 publici,
453 885 586 953 quoniam
599 889 665 937 sunt
676 900 761 938 cavoa
772 885 860 939 circo·

51 955 211 1024 quedivisi,
229 956 287 1006 sint
299 969 449 1022 corporum
460 955 639 1017 certationes,
650 969 735 1006 cursu
742 960 771 1006 et
781 953 860 1022 pugi-

52 1026 167 1086 huone,
187 1024 350 1086 luctatione,
370 1024 569 1092 commodisque
580 1039 714 1093 equorum
725 1040 812 1093 usque
824 1024 860 1079 ad

54 1102 158 1148 certam
167 1095 316 1147 victoriam
327 1095 355 1149 in
366 1095 440 1146 circo
452 1095 623 1151 constitutis:
637 1096 684 1147 in*
694 1110 788 1161 cavea,
799 1110 862 1147 cao·

5 1214 6 1217 ,
53 1173 91 1229 tu,
101 1180 179 1226 voce,
192 1164 346 1233 solidibus,
357 1171 387 1216 et
397 1162 489 1230 tilium
501 1165 566 1216 tium
576 1165 659 1217 motio
670 1181 704 1219 aa
714 1166 862 1218 moderata

54 1237 122 1297 sint,
134 1240 167 1285 ut
179 1235 242 1301 lego
254 1235 465 1300 praescribitur.
496 1235 861 1300 Assentioreniml‘latoni,

54 1304 124 1356 nihil
139 1312 200 1358 tarn
216 1304 300 1357 facile
314 1305 343 1355 io
359 1305 467 1356 animos
478 1311 591 1358 teneros
605 1312 688 1372 atquc
702 1306 807 1357 molles
820 1308 862 1357 in·

54 1374 147 1438 liuere,
159 1389 243 1442 quatu
253 1374 347 1426 varies
358 1374 476 1427 canendi
486 1390 584 1427 sonos:
606 1389 733 1442 quorum,
750 1373 803 1426 diei
813 1376 862 1427 vix

53 1451 162 1514 petest,
173 1449 279 1510 quanta
287 1446 327 1496 sit
338 1446 380 1502 vis
389 1446 419 1496 in
429 1452 575 1515 utramque
587 1451 704 1516 partem.
733 1444 861 1514 Namque

54 1523 82 1570 et
98 1516 199 1568 iacitat
216 1514 395 1583 languentes,
418 1522 448 1567 at
466 1515 640 1583 unguendi
659 1514 811 1579 excitatus,
833 1523 862 1567 ct

5 1605 6 1608 ¹
52 1593 113 1637 turn
126 1584 249 1638 remittit
264 1587 382 1648 animos,
400 1592 463 1637 tum
481 1584 638 1637 contrahit:
660 1585 863 1654 civitatumque

32 1692 34 1694 .
52 1653 107 1712 hoc
115 1656 269 1707 multarum
279 1656 440 1708 indracon
448 1653 586 1717 interfult,
605 1655 750 1721 antiquum
761 1669 863 1707 vocum

51 1740 220 1794 concertare
237 1726 362 1778 modum:
383 1738 504 1792 quamius
515 1740 612 1777 moros·
625 1725 698 1792 lapsi
714 1724 750 1777 ad
770 1724 863 1777 molli·

51 1798 133 1858 tiem,
157 1796 268 1862 pariter
277 1801 341 1848 sunt
356 1795 498 1848 immutati
513 1810 576 1848 cum
588 1795 733 1848 malbosc
751 1801 799 1847 aut
810 1794 863 1849 hac

52 1865 201 1923 dulcedine
221 1865 434 1932 corr-uptelaquc
454 1865 612 1933 depravati,
632 1872 664 1917 ut
680 1865 793 1933 quidam
814 1881 863 1934 pu·

50 1941 126 2005 tant3
138 1941 198 1996 aut,
210 1951 293 2001 quum
305 1933 442 1987 severitas
449 1950 546 1987 eorum
557 1936 593 1987 ab
602 1933 736 1989 nliavitia
748 1936 864 1989 cecidis-

44 2012 104 2067 set,
125 2012 187 2057 tum
198 2005 254 2057 luit
265 2006 295 2061 in
306 2005 429 2067 auribus,
445 2006 545 2070 animis
554 2007 686 2069 mutatis,¹
701 2007 788 2059 etiam
797 2005 862 2059 huic

51 2075 203 2127 mutationi
214 2076 302 2126 loeus.
323 2073 365 2127 39.
377 2074 565 2136 Quamobrem
575 2077 625 2129 illo
635 2076 745 2144 quidem
757 2077 863 2144 sapien·

51 2144 180 2196 tissimus
190 2145 329 2197 Graeciae
339 2145 397 2208 vir,
416 2145 560 2213 longoque
570 2146 762 2210 doctissimus,
781 2145 863 2197 valde

50 2211 122 2267 hanc
137 2215 232 2270 lahem
243 2221 366 2272 veretum,
399 2213 492 2281 Negat
503 2216 577 2267 enirn
593 2217 698 2272 mutari
712 2232 795 2284 posse
805 2229 863 2267 tnu-
922 2219 929 2226 “

51 2283 125 2337 sicas
136 2284 217 2351 leges
227 2284 288 2337 sine
299 2284 494 2338 immutatione
503 2286 596 2354 legum
607 2287 789 2353 publicarum.
801 2285 864 2351 Ego

51 2360 150 2406 autem
168 2368 220 2404 nec
234 2360 291 2405 tam
306 2354 391 2408 valde
404 2354 435 2406 id
450 2355 624 2419 timendum,
639 2372 691 2408 nec
705 2356 788 2421 plane
801 2369 865 2404 con·

50 2423 236 2483 temnendum
247 2430 326 2491 puto.
361 2425 414 2478 llla
425 2424 544 2493 quiden,
555 2441 627 2493 quae
639 2427 768 2479 solebant
780 2436 867 2490 quon·

50 2494 115 2548 dam
126 2493 267 2562 ceurpleri
276 2496 427 2549 severitate
437 2496 561 2548 iucunda
568 2496 694 2549 Livianis
706 2500 734 2544 et
746 2492 865 2543 Naevia·

47 2566 93 2618 uis
103 2565 218 2628 modis3
237 2580 321 2629 nunc,
339 2571 372 2617 ut
383 2564 479 2617 euclem
492 2561 648 2618 exsultant!
671 2561 791 2615 cervices
803 2574 866 2609 ocn-

46 2633 151 2702 Iusque
174 2634 282 2703 pariter
301 2650 363 2688 cum
378 2634 525 2689 modorum
537 2633 706 2687 flexionibus
722 2627 865 2708 torquent!

47 2703 188 2762 Graviter
198 2704 268 2766 olim
276 2704 334 2762 ists
343 2704 503 2764 vindicabat
512 2702 658 2761 vetusilla
668 2698 796 2759 Graecia,
807 2696 866 2747 lon-
