2084 3025
215 111 273 171 ue
291 111 488 169 nurerum
506 112 590 168 cae.
603 109 698 168 15.1o
829 76 865 167 oo
897 96 901 101 ’

59 215 224 286 detrahique
235 216 389 285 patiuntur,
404 223 437 269 ut
445 219 480 270 iis
491 218 575 270 amici
584 218 689 286 potius,
706 232 788 288 quam
799 214 865 286 ipsi,

60 289 198 344 fruantur.
234 287 277 340 58.
288 289 384 340 Altera
395 289 535 341 sententia
545 296 596 351 est,
609 304 680 356 quae
690 287 788 343 definit
798 287 866 339 ami·

27 380 47 419 ι,
62 356 161 410 citiam
173 357 285 424 paribus
297 356 397 409 officiis
409 373 442 409 ae
453 358 654 411 voluntatibus.
676 358 741 410 Hoc
751 357 866 426 quidem

53 434 105 495 ,est
117 426 220 495 [nimis]
234 429 334 495 exigue
345 433 374 480 et
385 428 496 479 exiliter
507 428 543 479 nd
555 428 676 479 calculos
686 443 788 480 vocare
799 426 868 479 ami·

62 497 169 558 citiam,
179 502 210 548 ut
219 512 272 565 per
281 499 318 548 sit
328 497 403 548 ratio
416 504 594 564 acceptorum
605 503 633 550 et
645 497 785 549 datorum.
819 496 869 548 Di·

62 567 121 618 tior
134 564 202 617 mihi
217 573 247 619 et
260 566 420 619 affluentior
434 567 546 618 videtur
566 583 627 620 esse
646 578 713 619 vcra
731 566 868 621 amicitiae

62 651 115 690 nec
126 635 275 689 observare
285 636 427 700 restricte,
446 652 480 688 ne
490 637 556 704 plus
565 636 678 701 reddat,
699 650 782 704 quam
792 650 869 687 acee-

62 704 147 774 perit.
181 704 279 773 Neque
294 706 368 759 enim
382 704 603 770 emendamini,
623 705 736 774 nequid
747 704 869 769 excidat,
910 721 912 727 ·

63 781 114 827 aut
132 789 167 833 ne
184 775 251 841 quid
266 776 295 826 in
309 781 416 828 terram
430 772 550 838 defluet,
569 781 619 827 aut
639 792 673 829 ne
694 775 758 842 pius
778 787 869 843 aequo

63 843 155 927 [quid]
177 844 206 895 in
225 844 380 896 amicitiam
396 850 570 914 congeratur.
606 843 650 897 59.
671 843 782 897 Tertius
801 856 870 897 vero

62 914 112 967 ille
124 913 186 964 finis
198 913 377 977 deterrimus,
397 919 444 977 ut,
465 915 564 982 quanti
574 914 691 982 quisque
706 928 736 965 sc
753 913 813 979 ipse
828 911 870 965 ia·

63 984 130 1046 ciat,
143 984 218 1034 tenti
227 984 278 1036 fiat
289 984 324 1036 ab
336 983 442 1036 amicis.
478 983 568 1051 Saepe
580 984 653 1037 euim
664 983 694 1034 in
704 982 870 1051 quibusdam

64 1058 116 1106 aut
127 1053 237 1107 animus
248 1054 387 1107 abiectior
396 1059 448 1117 est,
458 1060 507 1106 aut
517 1068 581 1120 spes
591 1052 805 1121 amplificandae
813 1049 871 1102 ior·

63 1127 152 1177 tunae
161 1122 287 1177 fractior.
323 1122 388 1175 Non
397 1130 441 1174 cst
456 1123 546 1192 igitur
555 1124 652 1186 amici,
672 1123 757 1176 talem
769 1120 871 1174 esseio

64 1207 138 1257 eum,
149 1191 242 1260 qualis
251 1193 301 1245 ille
311 1193 341 1244 in
350 1207 381 1245 se
391 1198 448 1245 cst:
464 1194 514 1245 sed
525 1193 619 1259 potius
631 1194 701 1246 eniti
713 1197 741 1245 et
751 1191 872 1255 efficere,
907 1254 909 1261 Ι

63 1270 98 1313 ut
107 1262 192 1313 amici
202 1262 339 1315 iacentem
349 1261 470 1313 animum
482 1263 596 1326 excitet,
616 1262 783 1328 inducatque
793 1273 872 1329 spem

4 1338 7 1343 '
65 1332 322 1400 cogitationemque
332 1331 486 1383 meliorem.
522 1333 602 1383 Alius
618 1333 705 1399 igitur
715 1331 778 1382 finis
788 1342 873 1383 verae
927 1380 930 1389 ,

65 1401 206 1454 amicitiae
221 1400 432 1452 constituendus
443 1407 499 1464 est,
519 1401 545 1452 si
560 1402 652 1470 prius,
672 1398 738 1467 quid
751 1400 873 1451 maxims

3 1517 4 1520 ,
64 1467 269 1538 reprehendere
286 1468 379 1536 Scipio
400 1469 504 1522 solitus
525 1470 573 1534 sit,
595 1470 700 1523 dixero.
736 1469 874 1538 Negabat,

3 1551 4 1556 ’
65 1540 156 1592 ullam
165 1555 264 1592 vocem
273 1540 457 1592 inimiciorem
468 1542 613 1594 amicitiae
629 1539 754 1608 potuisse
769 1538 875 1606 reperi·

64 1611 100 1674 ri,
112 1610 273 1678 quamius,
289 1610 338 1678 qui
347 1610 474 1671 dixisset,
494 1610 538 1661 ita
548 1626 641 1663 amero
653 1616 795 1676 oportere,
806 1613 839 1659 ut
848 1608 873 1659 si

66 1680 220 1747 aliquando
232 1686 306 1731 essct
317 1694 428 1731 esurus:
444 1693 495 1731 nee
504 1694 572 1731 vero
583 1695 614 1731 se
626 1679 729 1731 adduci
738 1692 831 1745 posse,
840 1683 873 1729 ut

49 1749 52 1756 '
65 1747 129 1812 hoc,
140 1747 373 1816 quemadmodum
384 1754 539 1815 putaretur,
554 1766 571 1800 a
581 1749 682 1802 Biante
695 1764 755 1801 csse
766 1748 874 1800 dictum

67 1819 210 1881 crederet,
230 1819 280 1884 qui
295 1819 406 1884 sapiens
421 1816 535 1870 habitus
550 1824 624 1871 esset
639 1834 736 1871 uuuse
750 1825 872 1886 septem:

67 1887 142 1957 [sed]
157 1888 261 1954 impuri
272 1886 415 1940 cuiusdam
422 1923 441 1950 ,,
452 1894 501 1939 aut
511 1889 657 1941 anihitiosi
674 1895 723 1941 aut
733 1888 826 1941 omnio
835 1885 873 1939 ud

65 1972 147 2010 suam
165 1957 322 2024 potentiam
337 1958 496 2024 revocantis
514 1959 763 2012 essesentcntiam.
800 1958 875 2022 Quo·

64 2028 216 2085 nonenim
226 2026 311 2077 modo
323 2026 470 2098 quisquam
487 2028 594 2079 amicus
611 2044 672 2081 essc
686 2029 807 2096 poterit,
828 2023 875 2079 cui
938 2087 943 2096 ,

65 2112 96 2150 se
108 2095 221 2164 putabit
232 2096 375 2147 inimicum
387 2112 448 2148 csse
458 2097 557 2162 possei
580 2098 653 2159 Quin
664 2100 749 2152 ctiam
761 2109 875 2152 neeesse
940 2149 947 2158 ,

66 2167 129 2228 crit,
151 2180 252 2234 cupere
269 2170 298 2217 et
314 2171 420 2232 optare,
441 2172 473 2216 ut
493 2182 575 2233 quarn
594 2168 756 2236 saepissime
776 2165 875 2238 peccjet
956 2203 960 2210 ¹

27 2269 33 2278 ι
66 2237 184 2298 amicus,
196 2250 250 2303 quo
261 2234 356 2301 plures
367 2234 415 2287 det
426 2235 480 2286 sibi
489 2243 631 2304 tamquam
642 2254 723 2291 ansas
735 2238 772 2290 ad
782 2249 876 2304 repre·

64 2303 255 2359 hendendum:
275 2320 385 2355 rursum
405 2311 496 2357 autem
510 2313 589 2360 recte
609 2306 693 2359 iactis
708 2306 874 2359 commodis·
1029 2357 1031 2360 .

65 2391 120 2445 quc
137 2376 293 2428 amicorum
306 2389 425 2430 necesse
447 2375 504 2426 orit
522 2378 597 2444 angi,
618 2377 722 2437 dolere,
741 2375 877 2427 invidcrc,
948 2435 950 2440 Ι

63 2447 108 2511 00.
120 2447 216 2508 Quare
227 2441 281 2494 hoc
291 2442 401 2511 quidem
412 2452 600 2512 pracceptum,
612 2447 809 2510 cuiuscumque
821 2449 874 2505 cst,

66 2516 103 2569 oti
113 2514 272 2568 tollendam
284 2513 437 2565 amicitiam
449 2514 532 2567 velet.
569 2515 643 2565 lllud
660 2514 752 2581 potius
768 2514 877 2579 praeci·

67 2585 201 2655 piendum
221 2584 285 2645 huit,
305 2590 336 2632 ut
356 2598 418 2634 eom
436 2583 613 2650 diligentiam
634 2581 827 2633 adhiberemus
846 2583 875 2632 io

67 2655 203 2711 amicitiis
214 2652 416 2721 comparandis,
427 2658 504 2705 utne
516 2653 627 2722 quondo
640 2665 735 2705 emere
743 2650 877 2718 incipere·
