2084 3025
269 151 273 164 “
305 169 588 243 'reseruari
802 186 854 244 133

66 347 69 353 Α
377 306 462 345 sris
471 309 481 344 1
489 310 517 347 is.
532 337 546 352 .

99 360 141 415 1o.
154 361 259 429 Legem
265 360 402 414 Liciniam
415 363 572 415 etMuciam
583 362 621 414 de
635 361 743 414 civilius
754 376 855 429 regun-

43 434 99 496 dis,
117 448 200 499 quam
212 429 270 483 duo
278 432 426 494 Consules,
444 434 581 494 omnium,
593 447 662 499 quos
672 432 802 494 uidimus,
813 447 857 485 ss·

43 502 229 573 pientissimi,
249 503 393 565 tulissent,
412 501 496 553 rideo
513 511 642 554 constare
662 502 856 565 interorina,

44 590 102 625 non
123 572 206 625 modo
228 572 372 635 inutilem,
389 571 453 636 ‚sed
477 572 666 639 perniciosam
685 570 857 639 reipublicae

44 644 150 697 muse..

101 744 143 798 1-1.
163 746 304 807 eratmor
316 742 427 794 omniuo
438 759 542 812 genera
553 752 624 806 sunt,
636 744 752 807 iudices,
762 743 790 795 in
798 744 856 810 qui·

45 819 161 883 busper
170 815 316 877 Senatum,
337 815 583 878 ruorernaiorum,¹
596 822 737 866 statuatur
749 814 856 880 aliquid

45 889 84 939 de
94 887 213 953 legibus.
238 883 327 935 Unum
338 890 382 935 est
393 883 539 945 eiusmodi,
552 886 663 950 placere
674 886 763 952 legem
777 886 857 935 abro-

45 959 124 1024 gari:
136 962 167 1006 ut
179 956 211 1016 Q.
223 953 356 1014 Caecilio,
368 955 408 1004 M.
420 955 499 1005 lunio
507 955 683 1017 Consulibus,
696 968 768 1021 quae
779 953 857 1021 luges

43 1043 108 1079 rein
123 1025 271 1076 militarem
285 1023 465 1090 impedirent,
485 1031 516 1074 ut
535 1021 745 1092 abrogarentur.
781 1024 858 1076 Alte·

44 1112 125 1157 rimi,
145 1109 217 1161 quae
226 1094 274 1146 lex
284 1094 345 1144 lata
355 1109 416 1144 esse
427 1093 547 1155 dioatur,
561 1110 594 1144 es
606 1107 660 1145 non
668 1094 762 1145 rideri
772 1105 860 1162 popu·

43 1168 106 1218 lum
117 1164 219 1216 teneri:
240 1171 273 1214 ut
283 1161 316 1214 L.
328 1162 447 1225 Martio,
467 1162 532 1214 Sex.
543 1164 615 1214 lulio
625 1164 802 1225 Consulibus,
823 1164 859 1224 ds

43 1236 157 1303 legibus
168 1234 265 1284 Lisiis.
305 1232 433 1285 Tertium
449 1238 493 1285 est
508 1232 543 1284 de
558 1234 651 1301 legum
668 1234 858 1300 abrogationi·
932 1293 940 1299 Σ

43 1307 108 1358 bus.
146 1303 208 1363 Quo
219 1303 253 1354 ds
263 1317 365 1370 genero
373 1317 508 1370 persaepe
519 1301 770 1354 senatusconsulta
781 1304 859 1367 flunt,
895 1349 900 1360 ,

43 1383 79 1429 ut
89 1373 224 1441 nuues'de
236 1373 298 1439 ipss
308 1372 372 1441 iege
385 1373 626 1439 Calpurniaqurue
637 1373 829 1442 derogaretur.

102 1477 145 1531 12.
163 1476 193 1529 P.
204 1475 351 1535 Africanus
361 1476 410 1528 ille
422 1477 566 1544 superior,
576 1482 608 1528 ut
619 1476 736 1540 dicitur,
749 1493 803 1529 nou
815 1493 860 1530 so·
888 1543 891 1547 .

45 1553 109 1612 lum
121 1548 363 1615 a-sapientissiruis
375 1546 547 1609 hominibus,
567 1549 684 1614 quitum
697 1555 790 1609 erent,
812 1565 858 1601 re·

46 1620 207 1673 rumetiam
218 1630 275 1670 ase
287 1619 348 1685 ipso
359 1632 443 1683 saepe
456 1625 605 1669 accusatus
613 1625 664 1679 est,
675 1616 759 1684 quod,
773 1633 858 1684 quum

48 1689 156 1743 Consul
170 1694 244 1740 esset
262 1703 325 1739 eum
335 1688 380 1738 Ti.
392 1686 507 1754 Longo,
527 1694 718 1752 passusesset
732 1689 859 1753 tum'pri-
918 1696 922 1701 ·

47 1774 126 1812 mum
144 1774 161 1809 a
176 1758 306 1826 populari
321 1772 452 1810 consessu
465 1756 616 1810 Senatorio
633 1757 768 1809 subseliis
779 1773 858 1825 sepa·

44 1844 116 1883 ruris

46 1949 81 1988 ci
92 1946 157 1984 lici
169 1944 314 1984 usurus.
342 1932 402 1998 Quo
412 1932 471 1981 loco
481 1945 608 1990 numerat,
620 1949 700 1997 quum
706 1935 749 1982 lex
756 1933 860 1994 seratur,

152 2015 215 2066 quot
223 2005 280 2051 loca
291 2003 480 2051 intercessionis
491 2015 556 2059 siuti,
569 2001 639 2049 'turbet
648 2001 745 2050 dicere.

102 2067 146 2121 13-
170 2069 228 2121 Est
241 2069 338 2136 utique
358 2064 402 2120 ius
421 2069 552 2130 vetandi,
583 2081 666 2135 quum
688 2084 722 2120 ea
741 2068 859 2133 feratur,

46 2138 181 2208 quamdiu
193 2153 248 2189 non
260 2139 413 2206 perfertur:
426 2139 558 2206 quamdiu
573 2137 620 2205 qui
631 2137 861 2207 suffragiit‘erun-

4 2242 17 2249 --
48 2212 79 2262 di
92 2210 380 2270 eaussaeonreniunt,
393 2208 487 2259 hue‘et
498 2209 566 2259 illue
576 2208 784 2261 transferuntur
794 2209 861 2259 dum

45 2281 157 2349 privati
166 2279 274 2330 dieunt:
292 2279 356 2330 dum
368 2279 491 2331 tabellae
502 2278 671 2329 diridentur:
688 2278 752 2329 dum
764 2278 862 2330 sitella

48 2349 193 2402 defertur.
206 2349 439 2418 duniaequantur
450 2355 543 2400 sortes
551 2367 561 2401 ι
570 2348 636 2400 dum
647 2349 758 2401 sortitio
770 2348 815 2400 fit:
833 2354 863 2400 et

46 2421 75 2472 si
86 2435 142 2488 qua
150 2425 215 2471 sunt
225 2418 306 2472 huius
314 2417 426 2495 generis
439 2418 505 2471 alia.

103 2589 149 2646 14,
167 2538 473 2667 Unum'tamgriftssoZ
489 2537 620 2656 iiiiosiuso
633 2586 861 2667 'tribunoplebis

48 2663 161 2715 iactum
174 2669 224 2725 est,
248 2660 527 2729 praetermittendum
539 2676 593 2711 non
604 2660 726 2712 ridetur.
763 2660 861 2724 Neque

50 2735 128 2786 enim
139 2733 229 2786 maius
241 2741 284 2788 ost
300 2733 394 2804 legere
407 2728 544 2794 sedicem,
564 2746 647 2798 quuiu
661 2728 861 2811 interceditur,
