2084 3025
178 107 181 114 “
278 101 358 157 LlB.
376 102 397 157 i.
433 102 517 158 CAP.
532 105 560 157 7.
578 102 604 157 8.
621 103 648 159 9.
829 99 863 156 11

62 204 487 277 amnitilcscommcntitiasque
496 209 660 270 sententias,
670 205 863 274 nonopidcers

43 336 46 341 ,
60 278 323 344 aedificatoremque
333 277 438 340 mundi,
449 279 575 330 Platonis
585 279 620 331 de
631 278 748 330 Timaeo
759 276 864 328 Deums

59 362 109 401 aec
117 362 202 399 anum
214 346 366 409 fatidicam,
376 346 535 399 Stoicorum
546 346 680 416 πρόνοιαν,
693 361 775 414 quam
787 346 865 398 Lati·

63 432 95 469 nc
114 416 182 468 licet
202 416 407 482 providentiam
424 417 528 469 dicere:
546 431 636 483 neque
650 432 717 468 vcro
732 415 866 467 mnndum

62 487 160 551 ipsum,
179 486 272 537 animo
284 487 449 538 cinensibus
463 486 628 554 praeditum,
642 485 802 546 rotundum,
818 501 866 536 ro·

60 554 187 616 labilem,
207 555 351 607 ardentem
361 556 464 617 Deum,
485 562 616 623 portenta
626 562 655 607 et
666 555 800 608 miracula
810 569 867 606 non

63 622 256 676 disserentium
267 622 505 691 philosophorum,
520 625 570 677 sed
581 625 786 676 somniantium.
824 620 867 675 19.

64 694 167 755 Quibus
178 695 251 745 enim
262 694 351 744 oculis
363 695 450 745 animi
460 695 565 746 intueri
576 695 670 762 potuit
681 700 774 746 vester
784 691 866 743 Plato

66 762 194 814 fabricam
205 763 286 813 illam
295 764 369 814 tanti
378 763 480 830 operis,
491 779 546 830 qua
557 765 680 816 construi
692 763 775 816 aDeo
783 769 867 829 atque

68 832 203 883 aedificari
216 832 348 883 mundum
359 830 446 884 faciti
464 833 543 894 Quae
554 833 680 885 molitioi
699 849 769 900 quae
781 830 868 883 ferra·

66 900 171 953 menta}
198 902 250 968 qui
269 901 380 953 vectes?
401 917 472 970 quae
492 901 655 954 machinae!
680 902 727 970 qui
746 898 868 953 ministri

61 971 134 1021 tanti
144 971 268 1022 muneris
279 970 408 1022 fuerunt?
443 972 685 1033 Quemadmodum
700 977 793 1023 nutem
803 971 868 1021 obe·

64 1039 123 1091 dire
135 1046 165 1091 et
177 1053 275 1105 parere
285 1040 424 1093 voluntati
437 1040 584 1094 architecti
598 1045 659 1104 air,
677 1040 764 1108 ignis,
786 1054 868 1106 aqua,

64 1115 140 1178 terra
149 1110 316 1176 potueruntl
343 1110 423 1163 Unde
433 1126 500 1162 nero
511 1119 592 1163 ortae
602 1111 670 1162 illae
682 1111 801 1177 quinque
812 1107 869 1159 for·

64 1192 135 1240 mae,
149 1194 185 1230 ex
197 1178 294 1244 quibus
307 1179 417 1246 reliqua
427 1179 597 1244 formantur,
618 1186 682 1248 apte
692 1179 823 1230 cadentes
833 1176 869 1230 ad

65 1249 186 1298 anirnnm
198 1247 370 1300 efficiendum
385 1250 587 1318 pariendosque
598 1250 712 1302 sensus!
740 1248 867 1315 Longum

64 1324 118 1380 est,
135 1316 172 1368 ad
195 1319 296 1370 omnia.
332 1320 413 1381 Quae
423 1319 495 1370 talia
513 1326 587 1381 sunt,
607 1325 638 1370 ut
657 1324 755 1386 optata
770 1317 869 1384 magis.

64 1388 436 1453 quaminvcntavideantur,
472 1389 515 1442 20,
535 1388 590 1441 Sed
605 1388 656 1440 illa
666 1388 800 1456 palmaris
811 1386 869 1454 qui·

64 1456 137 1519 dem,
151 1456 234 1524 quod,
245 1458 291 1526 qui
300 1472 356 1510 non
366 1458 450 1509 modo
461 1464 555 1510 natum
566 1458 697 1509 mundum
708 1455 870 1508 introduxe-

64 1528 110 1590 rit,
122 1527 171 1579 sed
183 1528 268 1578 etiam
278 1542 362 1579 mauu
372 1542 459 1595 paene
469 1528 586 1591 factum,
606 1533 703 1581 iseum
716 1527 818 1578 dixerit
827 1525 868 1576 fo·

66 1609 97 1648 re
107 1597 313 1662 sempiternum.
348 1598 429 1649 Hunc
440 1613 536 1650 censes
548 1597 654 1664 onmis,
665 1602 698 1647 ut
709 1596 818 1656 dicitur,
829 1594 868 1646 la·

66 1664 121 1717 bris
133 1671 263 1732 gustasse
271 1664 487 1734 physiologiam,
508 1669 556 1735 qui
568 1666 727 1734 quidquam,
744 1664 816 1732 quod
825 1679 869 1715 or·

64 1741 125 1786 tum
136 1734 174 1784 sit
178 1768 187 1796 ‚
203 1740 283 1800 putet
293 1742 435 1788 aeternum
446 1753 507 1789 esse
518 1736 617 1803 posset
654 1736 732 1797 Quae
743 1741 785 1787 est
796 1734 868 1788 enim

65 1804 272 1871 coagmentatio
288 1819 344 1855 non
358 1805 547 1859 dissolubilis?
565 1812 615 1858 aut
629 1806 696 1874 quid
713 1812 769 1868 est,
791 1804 870 1857 cuins

64 1873 231 1940 principium
245 1872 358 1940 aliquod
367 1875 414 1938 sit,
423 1875 492 1927 nihil
503 1876 542 1927 sit
552 1876 723 1929 extremumf
741 1874 871 1928 Pronoea

63 1957 132 1994 vero
144 1943 272 1994 sinestra
284 1943 446 2007 estLucili,
456 1945 570 2009 eadem3
579 1948 700 2012 requiro,
711 1960 782 2013 quae
792 1941 872 2010 paul·

64 2011 93 2063 lo
105 2018 185 2073 ante,
205 2012 362 2075 nrinistros,
381 2014 533 2077 machinas,
554 2030 663 2067 omnem
679 2014 766 2066 totius
777 2011 871 2080 operis

65 2079 288 2148 designationem
310 2089 394 2149 atque
413 2090 591 2153 apparatum:
616 2086 659 2135 sin
675 2084 802 2145 aliaest,
824 2093 873 2132 mr

64 2151 215 2202 mortalem
229 2150 328 2203 feeerit
339 2152 483 2216 mundum,
504 2168 558 2204 non
569 2152 799 2221 quemadmodum
810 2149 873 2201 Pla·

64 2219 176 2271 ionicus
187 2219 273 2283 Deus,
285 2221 493 2286 sempiternum.
529 2223 576 2273 lX.
592 2220 635 2275 21.
645 2223 686 2274 Ab
696 2228 815 2290 utroque
827 2234 873 2270 ars·

64 2294 123 2341 tem
134 2290 276 2352 sciscitor,
293 2305 342 2341 cur
352 2291 449 2341 mundi
459 2290 654 2343 aedificatores
664 2297 778 2359 repente
790 2289 874 2341 exsti·

63 2359 167 2422 terint;
181 2359 399 2410 innumerabilia
410 2359 521 2412 saecula
534 2360 706 2412 dormierint.
725 2360 787 2413 Non
799 2359 872 2409 cuim

61 2429 89 2480 si
99 2428 222 2481 mundns
231 2427 326 2478 nullus
339 2434 413 2491 erat,
432 2430 545 2481 saecula
559 2445 615 2479 non
630 2434 718 2481 crant.
755 2425 874 2477 Saecula

59 2512 136 2548 nnnc
148 2496 222 2558 dico,
240 2511 296 2547 non
309 2513 351 2556 ea,
369 2502 441 2565 quae
451 2498 558 2550 dierum
570 2499 747 2561 noctiumque
758 2507 873 2543 numero

61 2565 167 2619 annuis
183 2566 309 2618 cursibus
325 2567 516 2619 coniiciuntur.
552 2566 625 2618 Nam
642 2566 743 2623 fatcor,
764 2577 799 2613 ea
813 2561 874 2610 sinc

20 2670 21 2707 3
60 2635 164 2689 muudi
174 2638 358 2689 conversione
368 2634 441 2692 ellici
452 2650 508 2695 uon
517 2635 652 2702 pomum.
663 2629 718 2683 Sed
728 2630 783 2680 fuit
793 2643 874 2693 qnae·
