2084 3025
196 134 232 188 eo
380 129 436 186 on
453 129 629 196 ‚nitreas
646 104 828 183 neonem

199 251 253 289 ors
263 234 379 302 frangit
401 233 474 286 illud
484 250 552 287 rere
563 235 598 286 ab
609 235 760 288 Aristotele
771 233 1015 298 animadversum,

126 300 128 303 ’
199 324 217 359 a
228 301 282 373 qno
294 305 434 372 pleraque,
445 304 505 370 quis
515 309 608 369 potest
620 320 674 355 non
684 304 796 356 euasit
816 318 912 370 grues,
922 317 1015 371 quum

200 377 264 428 loee
274 373 410 434 calidiora
419 379 545 439 petentes
557 374 646 425 maria
655 375 856 435 transmittant,
870 371 1016 442 trianguli

200 445 309 498 efficere
324 443 455 494 formam:
475 442 537 493 eius
552 449 644 494 antem
662 458 769 496 summo
785 443 889 509 angulo
904 460 960 496 aer
978 446 1015 498 ab

199 515 235 565 iis
247 511 379 578 adversus
394 512 522 578 pellitur:
546 512 645 566 deinde
656 513 761 566 sensim
777 513 812 564 ab
829 518 952 579 utroque
970 513 1015 567 ia·

199 590 272 645 tere,
292 588 433 648 tamquam
444 582 542 646 remis,
561 581 600 634 ita
612 583 708 648 pesnis
720 583 818 648 ‘euram
827 582 921 634 avium
931 582 1015 636 leva·

199 659 253 703 tur.
289 649 371 704 Basia
382 657 475 702 autem
486 649 628 717 trianguli,
639 667 722 718 quam
731 667 815 719 grues
828 650 963 715 efficiunt,
978 669 1016 706 ea

198 729 342 787 nmquam
353 736 371 770 a
381 720 474 787 puppi,
484 721 575 771 ventis
585 720 747 772 adiuratum
766 719 873 787 haeque
883 720 913 772 in
925 727 1014 789 tergo

199 789 420 857 praevolantium
428 789 512 854 *eolla
521 795 551 839 et
559 790 654 856 eapite
664 781 810 857 reponunt.
846 789 929 851 Quod
941 792 1015 857 quia

199 861 259 928 ipse
271 858 328 909 dux
337 857 430 910 faeere
441 873 496 908 non
505 863 623 924 potest,
634 859 699 925 quia
714 874 770 909 non
785 858 869 912 habet
882 860 928 910 eni
939 860 1013 913 inni·

200 934 285 990 tatur,
296 927 414 992 revolat,
430 933 461 992 ut
472 927 532 994 ipse
544 942 652 993 quoque
664 927 803 994 quiesoat3
814 935 843 981 et
853 929 882 979 in
893 928 955 980 eius
968 930 1013 982 io-

201 1014 263 1051 cum
273 996 397 1065 sueeedit
409 1010 443 1062 ex
453 994 504 1062 iis,
522 1011 595 1062 quae
604 997 779 1064 nequierunt:
800 1013 888 1064 eaque
898 998 1014 1050 vioissi·

200 1066 267 1122 tudo
279 1065 308 1116 in
320 1065 395 1116 omni
403 1072 680 1128 eursueonserratur.
700 1063 858 1120 tiemone
867 1067 1015 1121 eiusmodi

202 1135 328 1203 proferre
337 1148 461 1201 possem:
484 1133 533 1185 sed
544 1150 631 1202 genus
641 1136 729 1201 ipsum
740 1137 848 1190 videtis.
869 1136 929 1188 lam
940 1153 1013 1191 rere

201 1206 252 1257 illa
262 1204 344 1255 etiam
355 1203 473 1265 notiora,
484 1211 588 1271 quante
599 1220 629 1257 se
637 1217 720 1271 opere
727 1206 1015 1272 eustodiantbestiae,

102 1325 103 1328 ,
200 1281 232 1330 nt
249 1267 291 1340 in
300 1280 382 1342 pastu
402 1273 647 1339 circumspectant,-
665 1280 697 1328 ut
711 1276 744 1326 in
759 1272 895 1334 eubilibus
911 1275 1014 1330 delite-

200 1349 288 1396 scant.
324 1335 631 1410 dtqueiilamirabilia.
667 1342 701 1406 L,
719 1344 794 1407 Quid
808 1361 856 1406 ea,
877 1361 949 1412 quae
960 1361 1012 1397 nn-

184 1407 188 1473 ῗ
200 1428 259 1483 per,
274 1412 305 1463 id
316 1419 359 1464 est
368 1411 464 1478 paneis
475 1418 541 1463 ante
550 1413 686 1475 saeculis,
703 1414 878 1492 medicorum,
884 1416 1012 1483 ingeniis

126 1524 133 1535 2
200 1489 312 1550 reperta
328 1479 408 1534 sueti
430 1481 582 1547 vomitione
597 1498 692 1547 canem
710 1491 834 1552 purgatu
852 1491 950 1539 autem
968 1486 1010 1541 a}-

200 1569 249 1604 ros
259 1553 318 1605 ibes
327 1550 483 1619 Aegyptiae
495 1558 599 1611 curant.
635 1552 767 1607 Auditum
778 1560 829 1618 est,
846 1554 1009 1621 pantheras,

199 1624 310 1690 quaein
322 1619 453 1672 ballaria
467 1633 603 1677 venenata
618 1637 700 1683 earne
717 1630 896 1689 caperentur,
917 1640 1008 1679 reme·

200 1693 275 1744 dium
286 1691 424 1758 quoddam
434 1687 549 1751 habere,
569 1706 623 1757 quo
640 1706 722 1758 quum
738 1700 830 1745 essent
846 1709 930 1756 usae,
949 1712 1006 1748 nen

198 1766 384 1813 morerentur:
406 1773 505 1824 capras
516 1765 608 1811 autem
619 1761 648 1810 in
658 1762 742 1815 Creta
757 1761 846 1826 feras,
868 1778 952 1830 quum
963 1780 1006 1817 es

198 1839 260 1883 sent
280 1829 406 1881 confixae
424 1828 568 1879 venenatis
585 1829 709 1896 sagittis,
730 1830 844 1884 herbam
859 1846 1005 1898 quaerere,

197 1889 268 1969 qudo
279 1898 435 1949 dictamnus
447 1906 608 1962 veteretum
616 1913 700 1965 quam
710 1916 793 1968 quum
802 1904 1004 1968 gustavissent,

196 1961 316 2036 sagittas
328 1965 454 2018 excidere
467 1965 563 2021 dieunt
574 1984 589 2021 e
601 1983 725 2035 corpore.
763 1967 822 2021 127.
842 1971 1006 2038 Cervemque

197 2038 292 2105 paullo
308 2041 373 2086 ante
388 2040 499 2103 partum
514 2044 730 2109 perpurgantuse
746 2038 864 2107 quadam
876 2037 1004 2100 herbula,

198 2123 268 2175 quae
280 2103 382 2157 Sosoiis
398 2103 508 2159 dieitur.
546 2108 604 2158 iam
618 2107 669 2157 ilia
683 2109 832 2168 cernimus,
854 2115 887 2160 nt
904 2117 1003 2163 eontra

197 2182 301 2226 metum
312 2180 341 2226 et
352 2175 405 2224 rim
415 2176 472 2227 suis
482 2193 511 2228 se
524 2177 607 2228 armis
618 2192 744 2244 quaeque
758 2176 900 2230 defendat
937 2181 1001 2230 Cor·

196 2245 276 2297 nibus
287 2244 370 2306 tauri,
386 2245 448 2312 apri
459 2245 595 2308 dentibus,
616 2261 709 2296 morsu
719 2246 829 2310 leonem
850 2246 925 2303 aliae
935 2247 1002 2315 tuga

196 2329 238 2375 se,
257 2314 329 2366 aliae
340 2314 530 2381 occultatione
541 2322 679 2365 tutantur:
703 2316 853 2367 atramenti
864 2317 1001 2373 effusione

196 2382 304 2450 sepiae,
324 2389 439 2449 torpore
453 2384 625 2449 torpedines:
646 2384 752 2438 multae
769 2385 854 2453 etiam
864 2385 1001 2439 insectan-

197 2460 239 2508 tes
261 2453 355 2503 odoris
370 2453 544 2504 intolerabili
558 2451 692 2504 foeditate
708 2453 861 2521 depellunt.
899 2455 946 2513 Li.
966 2457 1003 2509 ia

196 2538 262 2574 voro
274 2528 422 2589 perpetuus
434 2522 529 2570 mundi
540 2526 613 2581 esset
623 2529 749 2585 ornatus,
759 2534 864 2590 magna
873 2523 1003 2581 adtonita

197 2607 264 2643 cura
275 2597 317 2645 est
329 2605 345 2642 a
356 2589 530 2655 providentia
541 2589 679 2655 Deorum,
694 2599 731 2655 ,nt
750 2607 859 2659 semper
870 2602 965 2647 essent
973 2601 1018 2651 etv.

196 2660 347 2712 bestiarum
361 2672 487 2733 genera,
499 2665 527 2711 et
541 2659 685 2722 arborum,
707 2661 885 2731 omniumque
901 2679 1001 2727 rernm,
