2084 3025
170 88 179 99 ⁸
244 134 397 189 ¹mun
434 132 518 190 ene.
538 136 639 193 1415.
798 138 849 194 sss

45 240 125 293 sulla
136 246 180 295 est
188 241 362 307 reipublicae
370 242 508 309 gerendae
518 243 593 294 ratio
604 248 686 310 atque
698 230 852 309 prudentia,

44 310 111 376 quia
132 310 224 362 multa
243 312 292 361 Cu.
308 310 484 376 Pompeium,
506 313 640 378 quaedam
654 313 693 363 M.
710 314 853 375 Catonem,

43 379 184 430 nonnulla
194 381 280 430 etiam
294 380 425 446 teipsum
437 381 615 433 fefellerunt?
635 381 743 433 Similis
754 388 798 432 est
809 379 855 432 ba·
943 384 945 391 '

45 449 192 514 ruspieum
206 449 364 515 responsio,
384 451 533 517 omnisque·
543 452 691 517 opinabilis
709 451 855 503 divinatio.

34 519 220 571 ,coniectura
240 519 444 581 animabitur,
464 521 636 587 ultraquam
653 521 786 588 progredi
801 536 856 571 non

30 592 154 653 potest.
190 586 234 639 25.
251 584 294 639 Ea
303 586 379 640 fallit
388 589 508 641 fortasse
517 605 737 656 nonnumquams
752 590 802 642 sed
814 596 857 641 ta·

46 671 111 707 men
127 656 167 707 ad
180 657 329 708 veritatem
344 659 507 723 saepissime
525 659 630 726 dirigit.
666 661 718 710 Est
733 661 806 711 euim
821 660 856 712 ab

48 726 126 776 omni
138 727 309 779 aeternitate
319 726 454 793 repetita:
476 729 506 780 in
522 744 577 795 qua
587 744 669 796 quum
682 744 769 794 paene
778 730 858 781 iunu-

48 795 227 847 morabiliter
233 811 281 846 res
292 797 392 848 eodem
402 797 486 849 modo
496 799 649 859 evenirent,
660 798 759 849 iisdem
770 798 859 864 siguis

38 865 232 932 antegressis,
243 880 289 923 ars
299 872 342 917 est
350 866 465 930 ¹eiieeta,
485 867 583 919 eadem
594 881 677 932 saepe
689 867 860 918 animadver-

48 933 136 985 tendo
152 950 188 985 ae
201 935 335 988 nutando.
371 934 433 988 XV.
451 937 583 1003 Auspicia
595 950 666 1010 resq
672 942 768 988 restra
778 951 859 1003 quam

50 1003 198 1055 constanti
220 1019 291 1070 quae
311 1005 422 1073 quidem
441 1022 512 1056 nuuc
529 1022 546 1057 a
558 1006 692 1059 Romanis
708 1006 859 1072 auguribus
869 1064 884 1080 ἱ

47 1073 230 1139 ignorantum
250 1074 339 1134 (bona
353 1073 406 1126 bae
420 1080 471 1126 tua
479 1076 561 1127 venia
571 1074 718 1139 dixerim)
739 1090 757 1126 a
767 1074 860 1127 Cilici·

49 1142 111 1205 bus,
120 1142 192 1193 Pam
211 1141 308 1209 hyliis,
317 1143 429 1205 Pisidia,
443 1145 542 1212 Lyciis
552 1151 691 1198 tenentur.
726 1144 769 1196 ad.
787 1145 859 1197 Nam

50 1212 117 1278 quid
129 1227 184 1279 ego
192 1158 335 1278 iiospitem
346 1220 480 1277 nostrum,
496 1215 681 1267 clarissimum
693 1222 776 1280 atque
787 1215 859 1281 opti-

50 1297 126 1332 mum
137 1283 238 1343 virum,
253 1282 419 1333 Deiotarum
432 1284 546 1351 Regem,
563 1283 794 1336 commemoremi
811 1284 858 1350 qui

50 1349 121 1402 nihil
132 1366 265 1417 umquam
277 1352 331 1403 nisi
342 1354 487 1419 auspicato
498 1355 584 1420 gerit:
604 1355 661 1420 qui,
676 1369 758 1420 quum
770 1368 804 1404 ex
816 1352 860 1403 iti·

50 1436 117 1473 nere
127 1420 249 1486 quodam
260 1422 406 1488 proposito
413 1428 441 1475 et
448 1424 602 1474 constituto
609 1424 778 1485 revertisset,
785 1422 861 1489 aqui·

51 1491 97 1543 iae
107 1491 269 1542 admonitus
279 1491 390 1556 ruiatu;
410 1492 542 1545 conclaue
553 1491 633 1555 iilud,
655 1492 774 1545 abierat
784 1484 860 1542 man·

49 1575 143 1622 surus,
155 1561 181 1612 si
190 1562 233 1613 ire
244 1563 422 1627 perrexisset,
436 1564 565 1629 proxima
574 1569 656 1614 noete
667 1562 779 1613 eomuit.
812 1561 850 1618 2⁷
895 1573 897 1578 ’

49 1632 158 1698 ltaque,
170 1636 202 1681 ut
212 1646 247 1682 ex
256 1632 320 1698 ipso
332 1632 488 1696 audiebam,
499 1646 634 1699 persaepe
644 1632 762 1682 revertit
772 1645 807 1681 ex
817 1629 859 1681 iti·

47 1716 130 1762 uere,
152 1715 236 1767 quum
251 1701 306 1751 iam
322 1715 485 1769 progressus
501 1709 576 1754 esset
587 1700 737 1752 multorum
754 1700 861 1752 dierum

49 1772 137 1822 mam.
166 1772 254 1821 Cuius
265 1769 374 1837 quidem
386 1771 440 1822 boo
450 1771 704 1838 praeclarissimum
715 1776 768 1834 est,
778 1768 861 1838 quod,

46 1846 236 1906 posteaquam
247 1855 264 1891 a
276 1841 394 1892 Caesare
403 1839 585 1904 tetrarchia*‚
595 1853 682 1907 regno
692 1840 861 1906 pecuniaque
901 1877 907 1887 ,

51 1909 207 1962 muletatus
223 1916 280 1971 est,
299 1916 385 1977 negat
400 1926 431 1961 se
445 1917 539 1962 tamen
555 1926 651 1962 eorum
667 1910 861 1976 auspiciorum,

53 1994 123 2046 quae
134 1979 192 2029 sibi
202 1979 240 2029 ad
250 1978 410 2045 Pompeium
427 1980 616 2046 proficiscenti
632 1979 754 2032 secunda
764 1994 860 2032 erens·

52 2048 120 2110 rint,
136 2049 292 2114 poenitere.
329 2048 447 2101 Senatus
459 2051 531 2102 euim
544 2050 755 2111 auctoritatem,
774 2056 803 2101 et
813 2063 860 2117 po·

50 2118 240 2185 puliRomaui
251 2118 410 2170 libertatem
423 2126 506 2186 atque
515 2119 794 2187 imperiidignitatem
801 2119 860 2170 suis

51 2188 138 2239 armis
150 2203 213 2239 esse
224 2186 379 2239 defensam:
394 2188 504 2255 sibique
514 2203 563 2240 eas
573 2204 646 2250 ares,
657 2189 755 2255 quibus
766 2194 860 2239 aueto-

49 2258 129 2309 ribus
141 2255 265 2308 officium
277 2266 306 2309 et
317 2257 400 2310 iidem
411 2264 523 2309 secutus
534 2266 617 2321 esset,
627 2259 698 2310 bene
707 2258 860 2309 consuluis-

49 2343 87 2380 se.
118 2326 312 2392 Antiquiorem
323 2328 396 2379 euim
408 2328 460 2378 sibi
471 2328 558 2381 fuisse
568 2329 793 2395 possessionibus
803 2327 859 2376 suis

49 2397 184 2464 gloriam.
197 2396 249 2447 ille
261 2395 329 2447 mihi
339 2396 450 2449 videtur
460 2399 547 2465 igitur
556 2413 620 2450 rere
633 2397 772 2465 augurari.
787 2394 857 2445 Nam

48 2467 142 2520 nostri
153 2465 266 2532 quidem
281 2466 461 2535 magistratus
474 2469 606 2534 auspiciis
616 2474 734 2519 utuntur
745 2463 859 2514 coactis.

47 2536 175 2590 Necesse
194 2537 341 2599 euim‘est,
358 2535 415 2588 offa
431 2537 555 2599 obieeta,
576 2536 676 2588 eadere
691 2536 809 2584 frustum
825 2543 861 2578 ex

67 2606 122 2658 ulli
133 2621 195 2667 ore,
204 2621 287 2672 quum
298 2607 432 2673 pascitur.
467 2608 510 2658 28.
527 2606 609 2668 Quod
621 2610 714 2654 autem
727 2597 861 2660 scriptum

85 2677 187 2795 betisi)
199 2682 264 2797 mii(
264 2675 419 2742 tripudium
433 2676 507 2739 fieri,
526 2675 552 2725 si
567 2689 603 2727 ex
613 2688 647 2725 ea
658 2668 723 2737 quid
733 2666 762 2716 in
772 2662 862 2730 solum

86 2747 149 2798 crc.
188 2762 212 2798 r.
265 2779 289 2798 .·
