2084 3025
350 29 358 54 l

244 165 323 219 LlB.
342 167 362 219 l.
399 167 482 219 CAP.
497 163 540 220 25.
554 167 597 221 20.
771 164 824 226 389

18 270 159 341 publicae
165 269 317 321 utilitatem
328 268 435 324 reterri.
457 270 499 321 89.
511 271 666 323 Cavendum
677 278 720 323 est
730 272 823 337 etiam,
920 293 922 302 ,

18 358 54 394 nc
76 343 175 392 maior
190 353 292 406 poena,
313 354 394 405 quam
411 340 493 405 culpa
512 341 561 391 sit:
584 347 660 392 etue
675 342 773 393 iisdem
789 343 823 396 dc

19 411 136 463 caussis*
148 410 200 459 alii·
213 409 381 476 plectantur,
402 409 454 460 alii
469 425 504 461 nc
520 410 693 476 appellentur
703 411 823 478 quidem.

17 478 202 531 Prohibenda
226 485 319 529 autem
344 479 462 529 maxime
490 485 533 529 est
558 480 602 531 ira
624 480 652 529 in
674 480 822 546 puniendo.

17 549 185 614 Numquam·
193 551 277 608 enim,
298 548 388 598 iratus
398 549 444 620 qui
455 548 568 600 accedet
577 548 612 600 ad
622 563 746 612 poenum,
768 564 823 601 me·

17 618 204 669 diocritatem
215 617 295 666 illam
308 618 428 678 tenebit,
450 625 574 683 quaeest
588 618 661 667 inter
670 617 783 668 nimium
794 624 824 669 et

16 699 135 754 perum}
158 699 230 752 (puae
244 686 337 751 placet
351 685 557 751 Peripateticis,
579 691 609 737 et
626 691 701 736 recte
721 685 823 752 placet,

16 756 107 807 modo
122 770 160 806 ne
174 754 327 806 laudarent.
340 754 510 805 immundioris
530 760 558 805 et
578 755 702 805 dicerent
717 753 826 806 utiliter

17 831 157 877 anatum
169 823 270 876 datam.
306 824 359 875 llla
373 839 438 875 rero
455 824 584 875 omnibus
601 824 630 873 in
644 824 726 874 rebus
747 837 826 889 repu-

17 893 128 944 dianda
140 897 197 956 est3
218 892 431 959 optandumque,
451 899 482 944 ut
492 894 522 953 ii,
539 895 586 960 qui
596 898 728 958 praesunt
737 891 826 957 reipu-

16 963 131 1023 blicae,
154 961 246 1029 legum
259 957 364 1013 similes
375 962 447 1024 sint,
465 961 583 1029 quacad
591 959 759 1029 puniendum
770 975 826 1024 nou

14 1029 392 1097 macerrimsedaequieate
403 1031 548 1081 (lincuntur.
794 1033 798 1042 '

70 1094 181 1151 XXVI.
198 1100 242 1151 90.
252 1102 342 1166 Atque
356 1100 440 1151 etiam
455 1101 487 1150 in
499 1099 582 1152 rebus
593 1098 732 1166 praepetis
748 1105 777 1151 et
789 1099 826 1151 ud

15 1171 199 1223 voluntatem
207 1174 328 1219 nostram
334 1167 490 1232 liuentibus,
500 1168 825 1236 superbiumfastidium,

16 1238 270 1306 arrogantiamque
290 1254 390 1306 magno
412 1253 497 1304 opere
515 1237 663 1304 fugiamus.
700 1237 773 1288 Nem
793 1244 826 1288 ut

15 1310 159 1360 adversas
170 1321 222 1367 res,
237 1308 278 1357 sic
288 1308 429 1359 secundas
436 1308 618 1358 immoderate
629 1306 712 1366 ferre,
728 1305 827 1356 levita·

13 1380 55 1430 tie
67 1382 128 1429 est:
141 1376 342 1442 praeclaraque
350 1383 393 1428 est
402 1377 626 1444 aequabilitasm
634 1375 711 1425 omni
719 1375 786 1435 rite,
798 1379 827 1425 ct

12 1449 96 1501 idem
108 1460 225 1510 semper
235 1446 327 1496 vultus
339 1445 489 1514 cademque
499 1445 592 1512 frons3
611 1449 642 1494 ut
656 1444 690 1495 de
701 1442 826 1504 Socrate,

12 1519 148 1582 itemque
168 1515 202 1565 de
223 1515 252 1566 C.
272 1515 371 1568 Laelio
394 1517 557 1582 accepimus.
592 1512 749 1581 Philipprnn
768 1511 827 1578 qui·

13 1588 94 1649 dem,
115 1583 302 1635 Macedonum
313 1585 430 1654 Regem,
451 1586 534 1637 rebus
546 1584 633 1653 gestis
644 1591 671 1634 et
682 1581 773 1650 gloria
783 1595 827 1630 su·

13 1661 156 1727 peratum
169 1653 266 1717 aillio3
286 1654 422 1706 facilitate
433 1653 647 1705 et'bumanitatc
656 1651 828 1715 videosupe·

12 1728 129 1779 riorem
146 1721 242 1774 ruisse.
279 1723 375 1790 ltaque
390 1724 464 1775 alter
477 1736 591 1789 seniper
605 1736 733 1788 magnus,
755 1719 828 1769 alter

12 1808 108 1860 saepe
120 1792 312 1858 turpissimus:
324 1799 356 1842 ut
364 1799 440 1844 reete
452 1791 770 1859 praeciperem'deantur,
779 1787 828 1856 qui

12 1868 147 1922 minuent,
158 1868 198 1924 ut,
211 1868 313 1927 quanto
325 1862 481 1928 superiores
491 1862 585 1923 sirous,
598 1867 677 1917 tento
689 1874 743 1909 nos·
750 1873 828 1925 gera·

13 1948 81 1987 mus
94 1931 273 1982 submissius.
309 1930 457 1983 Panaetius
470 1930 580 1998 quidem
591 1929 765 2002 Africanum,
779 1943 828 1979 arr·

13 2004 140 2056 morem
151 2009 180 2051 et
185 1998 357 2072 familiarem
369 2016 454 2063 sarum,
473 2000 589 2061 solitum,
611 2000 659 2060 ait,
679 1998 777 2060 dicere,
794 2003 827 2049 ut

13 2087 113 2143 equos,
120 2079 240 2137 propter
251 2070 360 2121 crebras
366 2067 546 2121 contentiones
552 2068 717 2135 praeliorum
724 2065 827 2140 feroci·

13 2151 80 2196 tate
93 2141 279 2201 exercitantes,
300 2137 475 2190 domitoribus
486 2139 593 2188 trudere
606 2139 724 2197 soleant,
744 2145 777 2187 ot
786 2133 828 2185 Iris

7 2208 201 2284 facilioridm
211 2206 321 2274 possiet
333 2207 390 2258 uti:
410 2207 448 2258 rie
464 2206 598 2267 tortines,
618 2205 737 2257 rectrudis
748 2205 827 2256 retus

12 2278 182 2353 effrenatos·
196 2277 298 2344 sitique
313 2275 506 2395 prqpideotes,
527 2285 664 2342 tanaquam
683 2273 715 2326 iriv
728 2266 827 2342 gyrum

12 2347 145 2402 emonis
161 2355 188 2398 et
203 2342 344 2397 doctrinae
381 2344 426 2395 uei
440 2353 577 2412 oportere,
597 2356 628 2395 ut
643 2343 828 2411 perspicerent

12 2432 117 2471 rerum
129 2415 311 2467 transanarum
322 2411 531 2466 imbecillitatem
548 2414 758 2476 varietatemque
768 2409 830 2479 for·

11 2482 120 2543 maes
155 2482 199 2534 or.
215 2485 303 2550 Atque
315 2484 400 2534 etiam
415 2483 444 2532 in
459 2482 666 2533 secundissimis
682 2481 764 2530 rebus
773 2489 831 2553 ma·

13 2552 159 2611 ximeest
170 2551 303 2602 utendum
319 2549 437 2603 musilio
449 2552 614 2610 amicorum,
635 2549 734 2617 trisque
743 2552 831 2593 mmor

13 2624 126 2683 mem,
140 2635 226 2687 quam
234 2626 312 2683 erite,
318 2619 467 2672 tribuenda
479 2621 640 2671 auctoritas
677 2611 831 2674 iisdemque

11 2690 203 2761 temporibus
215 2688 366 2744 carendum
377 2695 428 2752 est,
448 2705 486 2744 oe
492 2684 716 2741 assentatoribus
726 2675 832 2746 parete·

541 2832 547 2863 t
