2084 3025
176 182 231 236 W
349 175 389 232 M.
409 175 557 231 TULLii
580 176 813 230 CICERONIS

175 284 292 354 gaudet,
312 282 366 334 hoe
382 285 489 336 anobis
502 289 676 348 nuncupatus
686 283 733 333 sit.
770 282 815 332 De
828 294 885 347 quo
897 276 926 331 id
935 281 991 347 pri·

176 368 250 407 mum
261 354 476 415 consideremus,
485 354 558 420 quod
571 352 706 420 principio
718 352 802 402 estin
815 351 893 401 ouini
905 367 993 416 quoe*

175 427 268 478 stione
281 422 530 483 considerandum,
547 436 691 488 semperne
703 420 797 481 merit,
814 420 894 471 nuiio
907 435 993 486 gene:

175 502 254 547 ratus
266 500 342 545 ortu:
362 510 398 543 un
410 500 489 542 ortus
500 493 549 551 sit,
564 507 598 542 an
610 494 648 542 ab·
656 491 751 555 aliquo
764 491 901 556 temporis
915 491 992 555 prin·

176 567 271 631 eipatu
282 571 361 614 ortus
372 569 424 624 est,
444 561 666 627 quandoquidem
678 561 802 610 cernitur
812 568 842 611 et
852 560 991 627 tangitur,

176 642 204 686 (t
219 641 262 686 est
276 633 397 697 undique
414 637 589 697 corporatus,
624 629 723 680 Omnia
735 637 830 680 autern
844 630 919 680 talia
929 645 991 680 sen-

175 718 234 754 sum
248 710 372 753 movent:
393 715 545 766 sensusque
558 699 698 750 moventia
708 714 777 765 quae
789 705 865 760 sunt,
889 699 989 751 endem

173 776 206 827 iu
220 772 351 840 opinione
368 771 557 833 eousistuut*⁷
576 785 647 835 quoe
662 775 757 819 ortum
774 768 879 820 habere
898 770 991 836 gigni·

177 860 231 912 que
247 843 379 893 diximus:
400 839 470 890 nihii
490 846 583 890 autern
601 839 679 904 gigni
696 853 778 905 posse
794 839 854 889 sine
871 839 990 899 caussis.

176 913 268 982 Atque
283 912 362 962 iilum
378 910 489 977 quidem
506 909 586 976 quasi
601 915 745 975 parentem
757 907 841 958 huius
853 909 992 960 universi·

175 984 245 1036 tatis
254 984 387 1042 iuvenire,
405 979 532 1031 difficile:
553 985 582 1029 et
597 994 678 1044 quum
691 981 746 1028 iam
758 979 909 1040 inveneris,
921 978 991 1028 iudi·

175 1053 281 1107 euroin
293 1052 403 1118 vulgus,
417 1049 508 1101 nefas.
544 1050 651 1100 Rursus
662 1048 749 1115 igitur
758 1048 926 1109 ridendum,
944 1048 990 1100 iiie

175 1121 330 1174 fabricator
346 1121 418 1172 tanti
435 1120 530 1186 operis
544 1126 636 1168 utrum
647 1119 685 1168 sit
695 1118 822 1167 imitatus
833 1118 989 1184 exemplar,

174 1193 250 1253 idne,
261 1190 332 1258 quod
346 1202 458 1255 semper
466 1204 548 1239 unum
562 1194 590 1238 et
601 1187 675 1237 idem
687 1194 715 1236 et
725 1188 770 1237 sui
781 1187 889 1248 simile,
905 1204 943 1238 au
954 1187 990 1249 id,

175 1261 251 1329 quod
272 1265 435 1327 generatum
457 1266 605 1323 ortumque
624 1256 751 1319 dicimus.
787 1259 876 1323 Atqui
892 1259 917 1307 si
935 1258 989 1323 qui

176 1331 243 1384 einer
253 1337 296 1382 est
306 1329 350 1380 hie
362 1329 488 1390 mundus,
499 1324 525 1378 [ι
536 1328 638 1394 probus
649 1326 707 1377 eius
719 1326 820 1376 artifex
831 1346 837 1377 ι
860 1328 986 1393 profecto

176 1402 298 1468 speciem
308 1398 482 1451 aeternitatis
494 1397 598 1447 imitari
611 1396 724 1446 maluit:
744 1396 789 1445 sin
801 1412 897 1460 secus,
917 1393 985 1463 quod

175 1487 210 1524 ne
221 1470 305 1522 dictu
325 1468 435 1537 q'uidem
451 1467 494 1519 fas
510 1475 566 1531 est3
588 1473 750 1534 generatum
767 1468 932 1534 exemplum
949 1474 987 1518 est

177 1555 227 1610 pro
239 1547 353 1593 aeterno
365 1545 485 1590 secutus.
510 1538 574 1589 Non
584 1537 674 1604 igitur
684 1536 809 1599 dubium,
820 1538 891 1604 quin
902 1544 987 1589 neter-

176 1611 293 1662 nitatem
307 1610 438 1661 maluerit
448 1607 798 1674 essequi‚quandoquidom
810 1624 904 1674 neque
916 1624 988 1658 mun·

177 1681 213 1732 do
225 1680 375 1747 quidquam
387 1673 633 1746 pulchrius'meque
646 1677 705 1728 eius
718 1676 906 1730 aedificatore
916 1687 988 1744 prae

178 1752 307 1802 etontius.
327 1748 374 1800 Sic
385 1764 452 1815 ergo
464 1753 621 1815 generatus,
633 1746 707 1796 adid
719 1754 761 1798 est
772 1747 901 1810 effoetus,
917 1745 989 1814 quod

175 1821 289 1872 ratione
300 1820 492 1886 sapientiaque
504 1817 748 1883 comprehenditur
764 1824 850 1883 atque
861 1820 989 1868 immuta·

177 1891 230 1944 bili
248 1890 416 1943 aeternitate
427 1889 596 1940 eontinetun
630 1888 674 1937 Ex
689 1902 744 1953 quo
757 1887 892 1948 efficitur,
910 1893 943 1937 ut
953 1887 990 1936 sit

178 1976 301 2022 neeesse,
312 1959 394 2022 huno,
405 1974 484 2025 quem
497 1958 643 2018 ceruimus,
655 1957 797 2018 mundum,
808 1958 989 2008 simulacrum

178 2038 322 2081 aeternum
333 2044 394 2081 esse
405 2029 527 2079 alicuius
538 2021 654 2078 aeterni.
674 2027 881 2078 Diiiieiiiimum
895 2033 989 2078 autem

177 2107 220 2152 est
230 2099 260 2150 in
270 2099 344 2150 omui
356 2100 559 2165 conquisitione
569 2097 698 2158 rationis,
711 2097 867 2149 exordium.
899 2097 944 2149 De
954 2097 988 2147 iis

176 2171 276 2238 igitur,
308 2181 380 2234 quae
401 2169 538 2229 diximus,
559 2167 690 2218 haeesit
717 2168 807 2233 prima
835 2167 988 2218 distinctio

176 2241 223 2291 ill.
244 2238 362 2289 inomni
376 2239 503 2290 oratione
516 2252 578 2287 cum
590 2238 625 2287 iis
636 2237 728 2298 rebus,
741 2236 891 2303 dequibus
904 2237 989 2303 expii·

177 2308 306 2368 candum,
327 2307 439 2358 ridetur
456 2324 517 2358 esse
534 2307 669 2373 cognitio.
705 2307 803 2373 ltaque
814 2322 899 2373 quum
912 2306 949 2358 de
960 2320 989 2356 re

176 2377 274 2427 stabili
296 2383 324 2427 et
345 2377 515 2427 immutabili
536 2378 708 2443 disputatur:
736 2378 829 2428 oratio
851 2376 923 2428 taiis
944 2377 988 2436 sit,

176 2446 265 2510 qualis
276 2445 314 2495 sit
324 2445 388 2507 iila,
409 2462 482 2513 quae
493 2461 584 2512 neque
594 2445 740 2514 redargui,
762 2462 852 2514 neque
864 2444 993 2498 convinci

173 2520 276 2577 potest.
314 2515 406 2575 Quum
419 2522 512 2567 nutem
524 2518 651 2582 ingressa
662 2522 704 2566 est
715 2517 838 2578 imitata,
857 2523 887 2567 et
898 2516 989 2567 efficta

174 2581 336 2632 simulacra:
349 2584 419 2634 itone
430 2587 477 2650 agi
489 2592 581 2652 putat,
591 2587 616 2635 si
627 2585 841 2652 similitudinem
853 2587 915 2637 reri
927 2601 988 2636 con·

158 2657 319 2714 sequatur.
356 2654 500 2713 Quantum
522 2659 595 2706 enim
617 2654 652 2705 ad
672 2653 716 2717 in,
734 2656 808 2722 quod
824 2661 919 2706 ortum
937 2662 986 2715 est,

173 2720 326 2771 aeternitas
336 2722 422 2775 volet:
443 2730 554 2779 tantum
567 2720 604 2780 ud
614 2723 821 2779 iidemr‘eritas.
845 2724 986 2786 Quocirca
