2084 3025
260 172 339 227 LlB.
357 174 397 229 ll.
433 173 519 229 CAP.
536 175 564 229 2.
579 174 606 230 3.
791 173 844 231 tto

2 289 4 320 f
35 282 75 338 nt,
91 274 269 329 honestatem
282 277 317 329 ab
328 279 454 332 utilitate
470 294 630 342 secernens,
652 285 681 332 et
693 279 843 334 constitue·

37 352 94 408 ret,
113 344 262 398 honestum
274 364 335 399 esse
346 347 460 414 aliquid,
476 349 553 415 quod
563 350 632 401 utile
643 366 697 401 non
708 357 795 412 esset,
813 357 842 402 ct

35 417 114 478 utile,
128 416 203 482 quoti
215 433 270 466 non
282 416 442 469 honestum:
453 433 508 486 qua
518 418 596 470 nulla
607 421 742 486 pernicies
752 421 842 471 maior

36 484 178 536 hominum
194 486 269 550 ritae
285 488 377 552 potuit
397 487 501 540 afferri.
539 486 581 540 1o.
600 490 714 541 Summa
730 490 840 556 quidem

2 609 3 612 ,
37 555 208 606 auctoritate
227 553 395 623 philosophi,
415 573 511 609 serere
530 573 598 609 sane
619 565 702 625 atquc
724 557 841 612 honesto

36 622 102 675 haec
113 625 185 688 teta,
205 641 307 692 genere
325 627 454 689 contusa,
474 627 646 693 cogitatione
658 628 841 694 distinguunt.

37 693 179 759 Quidquid
195 696 269 746 enim
283 696 386 746 iustum
403 697 454 758 sit,
475 697 505 747 id
522 697 606 747 etiam
622 696 692 748 utile
709 714 769 748 osso
780 713 840 748 cen·

36 770 108 814 sent:
119 764 244 831 itemque
256 765 332 831 quod
343 763 498 828 honestum,
510 765 585 818 inem
596 767 708 817 iustum.
733 767 774 816 lix
786 783 839 832 qno

36 833 168 896 efficitur,
190 841 235 895 ut,
257 835 390 902 quidquid
406 835 543 888 honestem
556 834 607 897 sit,
625 835 696 887 idem
711 834 748 887 sit
763 835 839 887 utile.

38 901 118 963 eund
130 903 178 969 qui
189 919 285 969 parum
297 906 481 971 perspiciunt,
500 904 529 955 hi
539 921 635 971 saepe,
656 911 785 957 versutos
794 902 840 955 ho·

37 973 122 1024 mines
139 979 168 1023 et
184 973 302 1024 callidos
319 974 498 1036 admirantes,
519 974 658 1026 malitiam
673 975 839 1041 sapientiam

37 1042 169 1094 iudicant.
206 1044 331 1106 Quorum
347 1060 425 1095 crror
440 1044 598 1109 eripiendus
611 1052 667 1108 est,
689 1045 838 1111 opinioque

38 1112 125 1162 onmis
137 1112 173 1163 ad
185 1128 246 1163 eam
257 1128 333 1179 spem
344 1114 522 1176 traducenda,
534 1122 566 1165 ut
577 1113 701 1166 honestis
713 1114 839 1166 consiliis

39 1181 171 1248 iustisque
182 1181 264 1233 iactis
270 1219 278 1244 ,
302 1199 356 1233 non
370 1183 470 1236 fraude
480 1190 508 1235 et
518 1185 628 1236 malitia
638 1202 668 1237 se
679 1185 839 1252 intelligant

2 1293 4 1296 ,
39 1266 79 1312 ea,
98 1266 169 1316 quae
181 1251 281 1313 velint,
304 1254 436 1320 consequi
447 1269 536 1319 posse.
572 1253 615 1306 11.
634 1254 839 1320 Quacergoad

39 1318 120 1371 ω’έαιιι
131 1320 268 1373 torninom
279 1324 406 1376 ruendam
417 1324 573 1391 pertinent,
594 1325 695 1389 partim
706 1332 770 1373 sunt
780 1324 839 1375 ina·

37 1389 117 1451 nistra,
137 1396 289 1450 uteorum,
309 1399 464 1457 argentum,
479 1400 511 1444 ut
521 1410 563 1455 ea,
578 1408 650 1459 quae
660 1393 839 1460 gignunturo

38 1466 119 1522 terra,
132 1460 358 1512 utaliaeiustlem
370 1464 491 1530 generis:
503 1464 604 1530 partim
617 1461 757 1524 aninratta,
767 1476 838 1528 quae

39 1528 138 1581 hahent
148 1546 216 1582 suos
227 1531 347 1597 impetus
358 1541 386 1584 et
397 1549 489 1585 rorum
501 1534 651 1599 appetitus.
675 1532 779 1582 Eorum
791 1546 838 1582 au·

38 1607 92 1650 tern
103 1601 160 1651 alia
171 1600 288 1653 rationis
300 1602 424 1669 expertia
435 1611 513 1664 sunt,
534 1602 590 1653 alia
603 1601 711 1653 ratione
723 1600 838 1655 utentia.

38 1668 173 1736 Expertes
193 1671 326 1732 rationis,
347 1674 422 1738 equi,
442 1674 543 1732 boves,
568 1671 690 1738 reliquae
709 1670 838 1738 pecudes,

38 1738 146 1806 [apes]
159 1755 274 1805 quarum
288 1756 371 1807 opere
386 1742 507 1793 allicitur
522 1741 628 1808 aliquid
645 1740 680 1792 ad
695 1739 837 1792 hominum

37 1824 114 1859 usum
126 1816 209 1876 atque
220 1811 316 1862 ritant.
343 1811 463 1864 Ratione
474 1820 567 1863 autem
579 1811 715 1862 utentium
726 1809 781 1861 duo
791 1825 837 1878 ge·

38 1894 102 1930 nera
111 1887 229 1944 ponunt:
242 1878 361 1932 Deorum
369 1897 467 1946 unum3
479 1882 597 1934 alterum
606 1880 750 1933 leontinum.
763 1878 836 1932 Deos

38 1947 162 2013 placatos
176 1949 266 2014 pietas
282 1950 426 2003 efficietet
440 1953 588 2004 sanctitas:
605 1952 732 2025 proxime
743 1957 846 2007 autem.

38 2026 64 2068 et
78 2020 224 2070 secundem
237 2018 311 2072 Deos
327 2020 445 2073 homines
460 2022 608 2074 lectionibus
624 2022 740 2075 oraxime
756 2021 836 2074 utiles

38 2103 91 2138 erre
97 2099 222 2155 pornrnt.
258 2088 299 2141 12.
320 2091 477 2158 Earumque
488 2109 586 2152 rerem,
604 2109 672 2158 quae
683 2100 796 2144 noceant
808 2099 836 2141 et

38 2156 132 2220 obsint,
145 2158 354 2227 eadem-divisio
367 2167 417 2212 est.
445 2160 500 2212 Sed
511 2163 576 2228 quia
586 2161 660 2214 Deos
671 2176 770 2214 nocere
781 2175 836 2211 non

39 2233 142 2291 putant,
158 2227 203 2278 his
214 2229 347 2295 exceptis,
362 2230 480 2283 ltonrirres
491 2230 641 2283 homiuibus
652 2231 740 2283 ohesse
749 2228 837 2298 pluri·

39 2311 105 2348 mem
119 2297 300 2349 arbitrantur.
335 2300 378 2350 Ea
388 2301 462 2351 enim
474 2302 542 2367 ipsa,
558 2316 627 2367 quae
637 2302 759 2352 inanima
768 2297 838 2349 dixi·

39 2379 104 2428 mus,
116 2368 249 2434 pleraque
260 2375 323 2419 sunt
333 2367 474 2421 hominum
484 2372 578 2438 operis
588 2370 694 2430 effecta,
705 2384 775 2435 qnae
786 2381 837 2417 nec

39 2431 220 2499 haberemus,
240 2437 294 2487 nisi
309 2450 407 2490 manus
418 2447 446 2490 et
459 2456 503 2491 ars
518 2441 711 2498 accessissent,
731 2451 781 2486 nec
792 2431 835 2483 his

38 2504 92 2558 sine
124 2506 268 2558 hominum
292 2509 531 2561 administratione
555 2516 704 2560 uteremur.
740 2503 836 2566 Neque

37 2576 106 2625 enim
122 2576 295 2628 valetudinis
312 2579 432 2640 curatio,
453 2578 552 2646 [neque
568 2570 730 2640 narigntim]
749 2584 835 2635 neque

37 2645 217 2710 agricultura,
238 2661 327 2712 neque
336 2646 446 2714 frugum
458 2647 654 2709 fructuumque
665 2640 835 2703 reliquorum
888 2670 892 2679 -κ

36 2717 177 2782 perceptio
195 2726 225 2767 et
241 2719 413 2769 conservatio
428 2718 487 2769 sine
502 2715 644 2831 hoqqiqtqn
660 2723 756 2775 opera>
777 2704 836 2756 ¹¹1¹&

576 2798 582 2822 ⁴
853 2791 856 2797 f
