2084 3025
237 126 242 135 ’
330 107 602 165 ΡΑΒΔΒΟΧΑ.
834 107 867 162 71

58 216 156 269 omnio
171 216 236 269 lem
250 215 379 283 beateque
393 214 500 268 mosali
511 214 669 283 praesidio.
705 213 752 269 Ex
767 214 809 267 his
819 231 868 267 ou·
899 254 904 259 .

57 296 115 339 tem
126 286 195 339 loeis
206 294 306 348 cetero,
318 301 388 353 quoe
399 284 525 355 deinceps
531 286 717 354 persequitur,
728 295 795 352 apta
805 293 869 338 sum

57 367 85 410 et
96 370 238 425 suspenso.
274 356 374 422 ltaque
385 355 485 406 tertius
500 358 574 407 loeur
591 365 631 406 est
646 356 679 407 de
691 365 870 423 peecatorum

58 425 234 494 aequalitate
245 423 372 476 omnium.
410 422 548 487 Quartum
561 418 594 476 cle
604 427 750 478 stultorum
759 424 868 478 insanio

58 499 150 548 locum
162 496 282 561 euunplo
294 493 397 560 probat
407 494 539 557 alieuius,
562 510 639 562 quem
655 492 745 546 Clodii
753 495 869 546 similem

57 563 222 634 esseflugih
233 562 396 616 adversarii.
426 562 530 628 Quinto
540 566 605 625 loeo,
617 579 669 629 quo
683 563 714 614 L.
724 565 869 616 Lucullum

57 645 145 702 atque
157 633 241 685 etiam
252 631 427 685 Hortensium
445 634 553 686 uidetur
562 649 689 701 carpere,
709 632 817 686 nonnisi
826 649 869 685 ro-

56 704 182 774 pioutem
194 702 320 755 libertate
331 702 397 774 frui
409 703 502 756 docel:
521 719 601 771 posse
613 719 770 756 verounum
781 717 870 769 quem·

57 791 112 843 que
123 772 167 826 itu
178 772 276 835 rivere,
295 780 326 823 ut
335 772 408 834 uelit,
429 773 448 824 i.
460 791 482 826 e.
494 773 608 825 liberum
623 789 687 836 me,
700 771 725 823 ti
734 773 812 824 morlo
825 771 871 823 ho·

56 852 195 896 nestorem
208 851 345 910 sequautur.
374 839 498 912 Denique
508 853 585 896 sexto
596 845 662 906 loco,
673 858 725 909 quo
737 841 776 893 M.
789 839 871 893 Crat·

57 929 120 965 mm
131 912 243 964 diuitem
253 910 434 980 reprehendit,
446 912 552 965 aerarii
562 913 593 965 in
600 911 749 966 Consulatu
756 911 870 965 seeundo

58 983 128 1046 (699
134 999 165 1049 p.
175 981 208 1032 U.
215 985 251 1043 e.)
258 981 375 1048 expilati
384 981 502 1053 infamio
508 982 662 1044 notabilem,
673 985 756 1034 solum
764 980 869 1048 snpien-

58 1061 117 1104 tem
130 1053 173 1104 nit
181 1053 305 1120 gaulere
317 1050 433 1114 diuitiis,
453 1064 485 1105 ut
496 1069 565 1119 quoe
576 1069 659 1120 mura
670 1051 699 1105 in
709 1051 806 1104 ceteris
816 1049 870 1102 oir-

58 1121 178 1185 tutibus,
188 1131 246 1173 tum
256 1120 373 1173 maxime
384 1121 415 1173 ln
426 1122 597 1176 continentia
608 1122 665 1175 sint
672 1121 788 1188 positae.
803 1118 869 1172 'Hoc

58 1201 155 1245 autem
167 1191 285 1243 brevium
296 1191 493 1261 quaestionum,
504 1195 576 1261 quod
585 1193 622 1244 nei
632 1190 797 1245 M.Brulum
806 1190 870 1243 neit·

58 1263 107 1324 lit,
126 1263 314 1314 munusculum
324 1259 406 1313 uniur
416 1263 484 1315 anni
495 1272 624 1330 tempore,
644 1261 700 1312 sive
710 1277 799 1321 omo,
814 1260 869 1311 sine

57 1333 185 1395 hiberno,
196 1329 372 1398 compositum
384 1348 449 1394 esse,
460 1349 474 1383 e
480 1331 614 1400 prooemii
624 1329 813 1397 §.hupporet
827 1329 869 1381 Ae

59 1416 226 1473 quamquam
238 1400 334 1454 Cicero
345 1398 473 1453 Crassum
483 1417 509 1453 o.
521 1398 582 1452 701.
593 1410 620 1452 et
632 1397 757 1451 Cloelium
769 1416 796 1451 o.
809 1400 871 1459 702

57 1473 223 1545 interfectos
235 1470 341 1541 dialogi
356 1471 467 1525 licentio
479 1470 530 1524 rili
540 1471 644 1541 arene
708 1466 740 1532 ἐ,
763 1485 817 1522 non
828 1476 873 1520 τω.

58 1559 121 1595 nien
129 1552 196 1609 post
211 1558 325 1594 mensem
336 1543 405 1596 anni
415 1542 474 1594 708.
486 1540 605 1604 lunium,
618 1556 670 1609 quo
699 1548 745 1592 oto
757 1548 886 1591 mortem

55 1612 115 1664 sili
129 1611 380 1675 Ueientanorum
403 1610 554 1666 condidisse
568 1608 618 1663 loe
634 1611 791 1678 operculum
801 1607 870 1661 Foe-

58 1682 162 1734 eioloto
174 1681 290 1734 siletur.

352 1773 577 1802 nun-.-

311 1853 626 1909 PROOEMIUM.

59 1958 87 2010 1.
100 1926 317 2021 Animadverti,
331 1957 431 2022 Brute,
445 1974 529 2028 saepe
540 1961 683 2023 Catonem,
703 1957 870 2010 avunculum

60 2036 153 2089 tuum,
165 2041 248 2094 quum
259 2033 286 2080 in
298 2029 402 2081 Senatu
414 2032 581 2083 sententiam
593 2030 708 2091 diceret,
719 2028 798 2080 locos
811 2041 871 2093 gra·
929 2065 933 2070 .

60 2113 113 2150 vas
125 2107 160 2148 ex
171 2094 350 2165 philosophia
358 2105 496 2162 tractare,
516 2099 698 2152 abhorrentes
709 2099 744 2150 ab
754 2096 809 2149 hoo
817 2103 871 2147 am

60 2166 172 2219 lorensi
182 2174 211 2220 et
225 2168 353 2234 publi003
374 2168 423 2219 sed
438 2169 555 2221 dicando
566 2170 699 2237 consequi
714 2175 821 2227 tamen,
840 2170 871 2214 ut

59 2237 116 2288 illa
126 2236 212 2288 etiarn
224 2239 327 2305 populo
338 2239 497 2304 probabilia
506 2239 675 2291 viderentur.
704 2239 730 2289 2.
743 2234 825 2299 Quod
836 2247 870 2290 eo

60 2306 155 2357 maius
167 2312 209 2356 est
218 2306 277 2368 illi,
299 2323 381 2375 quam
393 2313 443 2358 aut
452 2309 505 2360 tibi
521 2314 570 2360 aut
579 2310 676 2370 nobis3
698 2307 766 2372 quia
775 2319 826 2354 nos
837 2317 872 2353 ea

61 2372 244 2443 philosophia
264 2377 327 2443 plus
347 2376 463 2438 utimur,
483 2392 555 2446 quae
574 2379 683 2444 peperit
704 2372 814 2425 dicendi
828 2384 873 2422 co·
907 2367 914 2382 ”

61 2445 151 2512 piam,
163 2450 193 2496 ot
202 2445 232 2495 in
243 2460 297 2511 qua
309 2445 439 2498 dicantur
448 2462 491 2511 ea,
501 2462 572 2515 quaa
584 2445 762 2497 nonmultum
770 2441 872 2492 disere·

62 2519 132 2582 pant
144 2514 180 2566 ab
191 2514 324 2581 opinione
334 2515 473 2583 populari.
511 2518 582 2569 cato
594 2520 701 2578 antoni,
721 2510 872 2580 perfectus,

61 2584 287 2647 maasententin,
308 2584 429 2646 Stoicus,
451 2591 524 2637 etos
534 2586 634 2645 sentit,
658 2595 872 2650 quaenonsane
946 2625 948 2628 .

61 2654 220 2720 probantur
230 2653 259 2708 in
269 2654 385 2724 vulgus,
406 2659 435 2708 et
445 2654 476 2705 in
486 2670 520 2708 ea
532 2660 576 2708 ost
586 2653 708 2716 haeresi,
730 2667 800 2730 qaae
812 2651 875 2702 oul-
