2084 3025
190 141 244 198 412
421 176 426 184 ·
460 137 518 191 DE
536 137 721 192 urricus

189 245 297 314 pletas:
319 249 427 306 tamem.
442 243 602 296 sisclitndc
613 242 800 306 tcntcsltt-at
809 240 958 295 hominem
970 242 1015 296 vi·

191 315 260 367 derc
269 328 324 364 non
334 314 432 380 possit,
443 314 560 367 excedat
571 330 586 366 e
596 315 664 366 rita.
682 312 869 382 Princepsque
879 315 1015 366 omnium

175 384 383 437 avirtutumzest
397 383 448 434 illa
462 385 615 451 sapientia,
636 399 719 452 quam
736 388 829 450 ceptor
841 383 950 434 Graeci
962 398 1016 435 vc·

191 453 270 526 cantz
287 453 466 520 prudentiam
487 455 575 516 enim,
597 468 681 520 quam
697 452 800 504 Graeci
820 448 953 519 φρόνησιν
971 453 1015 504 di-

142 571 144 580 ,
191 527 278 585 cunt„
293 521 378 574 uliam
390 524 538 591 quamdam
552 523 750 590 intelligimus3
771 527 1013 588 quaeestrernm

189 594 407 660 expetendarum
412 594 668 665 fugiendamque
680 592 804 645 scientia.
841 591 1014 646 illa-autera

127 708 132 722 ,
189 662 335 730 amentio,
347 677 427 729 quom
439 662 592 731 principem
605 663 671 726 dixi,
683 680 776 715 rerum
787 667 830 714 est
842 661 1014 716 cinnami

189 743 274 800 otqcc
289 732 470 786 humanarum
487 734 618 786 scientie:
641 733 671 783 in
687 748 742 801 quc
756 733 919 783 continetur
929 732 1014 785 Dec-

189 817 251 855 rum
263 809 293 856 et
303 802 445 854 hominum
456 804 640 855 communitos
650 809 680 855 et
690 803 812 855 societas
826 802 904 852 luter
915 802 1012 869 ipsus.

189 872 269 925 Ecsi
279 873 400 924 maximo
411 879 468 936 est,
486 879 522 924 ut
533 880 576 925 est
586 878 676 938 certe3
696 887 811 925 necesse
820 876 876 931 est,
899 872 982 954 quud
995 889 1014 926 a

190 943 389 994 communitate
408 942 527 995 ducetur
547 943 681 1006 officium,
706 942 740 994 id
757 956 818 995 csse
838 955 1012 994 maximum.

139 1061 145 1076 p
188 1011 301 1064 Etenim
321 1012 445 1078 cognitio
465 1013 720 1081 contemplatioque
740 1019 872 1073 naturae,
900 1027 1013 1065 manco

189 1080 309 1150 quodum
325 1081 409 1132 modo
420 1087 505 1149 atque
519 1083 653 1134 inchoata
667 1084 717 1146 sit,
738 1084 764 1134 si
776 1081 853 1132 nulla
863 1081 945 1133 actio
963 1097 1012 1135 re·

187 1164 252 1202 anm
263 1157 462 1217 consequatun
487 1154 531 1203 Ea
540 1160 634 1205 autem
645 1154 720 1205 cotio
734 1154 762 1203 in
773 1150 918 1203 hominum
928 1167 1012 1203 com·

189 1218 279 1272 modis
289 1220 402 1271 tuendis
412 1221 534 1275 maxime
545 1222 675 1276 cernitur.
705 1220 764 1275 154.
775 1222 901 1273 Pertinet
912 1222 1012 1289 igitur

189 1289 226 1341 ad
235 1289 400 1342 societatem
411 1293 528 1360 generis·
537 1292 660 1345 humani.
695 1292 772 1361 Ergo
783 1289 854 1343 baec
863 1292 1013 1360 cognitio·

188 1359 219 1411 ui
227 1360 425 1428 anteponenda
434 1367 490 1427 est3
501 1363 759 1432 atque-idc'ptimus
769 1363 884 1430 quisque
892 1377 928 1413 re
940 1362 1015 1430 ipsa

189 1430 314 1482 cotendit
326 1437 355 1483 et
369 1430 485 1484 iudicat.
520 1433 590 1494 Quis
606 1440 650 1487 est
670 1434 741 1486 enim
760 1439 818 1484 tam
837 1431 962 1499 cupidus
975 1434 1008 1487 in

188 1500 384 1573 perspicienda
392 1503 741 1573 cognoscendaquererum
750 1508 861 1566 nutura,
872 1509 916 1566 nt,
927 1502 957 1554 si
968 1504 1010 1569 ei,

188 1572 325 1623 tractanti
345 1573 598 1641 contemplantique
618 1590 668 1627 rec
686 1575 846 1641 cognitione
867 1572 1011 1642 dignissi-

189 1655 264 1704 mas,
283 1641 375 1693 sabito
387 1643 424 1693 sit
435 1643 554 1694 allatum
569 1646 724 1710 periculum
735 1643 945 1710 discrimenque
955 1659 1010 1712 pa·

188 1712 275 1774 trine,
300 1711 347 1764 cui
366 1710 513 1765 subvenire
533 1715 720 1782 opitularique
739 1714 842 1784 possit,
867 1728 926 1764 non
949 1714 1010 1767 illa

189 1776 285 1834 omitia
295 1781 435 1849 relinquat
445 1789 529 1850 utque
539 1784 667 1847 abiiclat3
686 1785 771 1837 etiam
782 1785 811 1836 si
820 1784 1009 1839 ‹nnuinerarc

187 1851 334 1903 scutellas
347 1859 399 1904 aut
416 1853 511 1904 metiri
521 1854 618 1906 mundi
628 1854 849 1923 magnitudinem
860 1866 948 1920 posse
961 1870 1011 1908 ar·

186 1917 325 1972 bitrctuni
342 1922 434 1990 Atque
444 1921 498 1974 hoc
507 1924 582 1989 idem
592 1926 764 1992 inpotentis,
773 1926 802 1975 ln
814 1923 899 1976 nmici
909 1930 943 1976 rc
954 1929 1010 1977 aut

186 1988 314 2056 periculo
325 1989 433 2045 lecerit.
469 1991 530 2047 155.
545 1993 652 2057 Quibus
663 1995 746 2048 rebus
755 1994 933 2063 intelligitur,
945 2004 1010 2047 stu·

93 2104 96 2107 ,
187 2058 408 2129 diiscfflciisquc
423 2064 558 2117 scientiae
574 2065 772 2132 praeponenda
782 2078 844 2117 csse
854 2062 1008 2117 officiciu-

149 2156 155 2163 ·
186 2128 299 2192 entiae,
321 2134 592 2199 quaepertinentad
607 2133 923 2197 hominumcoritatem3
947 2149 1008 2205 qna

170 2195 259 2251 -ulhil
280 2196 392 2254 homini·
407 2219 469 2256 csso
489 2204 573 2257 debet
594 2205 744 2273 antiquiun
779 2202 880 2255 XLIV.
907 2205 1008 2272 Atque

186 2267 246 2332 illi,
265 2284 381 2337 querum
389 2274 485 2325 studia
494 2275 607 2341 vitaque
618 2275 708 2326 omnis
717 2275 746 2325 in
756 2288 849 2326 rerum
862 2273 1008 2342 cognitio·

137 2368 139 2373 ν
186 2352 223 2389 ne
233 2347 349 2391 versata
357 2350 413 2404 est,
434 2347 529 2394 tomen
539 2345 574 2396 nb
587 2342 880 2410 augendis·hcminum
891 2343 1009 2398 utilita-

186 2407 261 2459 tibus
272 2415 300 2461 ct
312 2411 464 2462 commodis
478 2421 737 2466 ncnreccsserunt.
772 2413 845 2466 Nam
861 2419 891 2466 et
908 2414 1008 2467 cruffi·

185 2484 285 2529 verunt
295 2479 408 2542 multos,
418 2483 616 2546 quc-meliores
627 2484 704 2540 cives
715 2482 903 2551 utilioresque
914 2483 1008 2538 robus

184 2546 243 2598 suis
262 2548 380 2615 publicis
404 2557 510 2603 escentz
536 2560 569 2604 ut
585 2552 750 2606 ‘silebanuin
772 2553 1007 2620 Epaminondam

184 2612 270 2695 lfysic
279 2608 485 2684 Pythagoreus,
500 2620 682 2689 Syracosium
693 2623 813 2676 Dionem
823 2622 918 2687 Plato,
927 2624 1007 2678 inul-

87 2751 92 2757 .
183 2689 261 2752 tique
272 2685 388 2741 multost
407 2703 516 2762 nosque
524 2692 586 2763 ipsi,
598 2693 734 2766 quiidquid
745 2694 782 2748 ad
790 2694 1003 2767 rempublicam
