2084 3025
226 175 305 230 LIB.
323 176 346 230 1.
382 170 465 231 CAP.
481 175 524 232 14.
541 176 583 231 15.
598 176 641 236 16.
785 172 843 227 ‘tls

28 280 200 346 cogitasset,
222 281 452 347 quemadmodum
466 283 495 334 iu
508 282 705 333 dissimillimis
715 283 839 335 motibus

27 350 225 417 inaequabiles
237 357 265 403 et
277 352 369 402 varios
381 357 610 404 cursusserraret
620 367 674 401 uua
684 354 839 404 conversio.

27 419 115 471 Hane
131 419 277 485 sphaeram
289 421 386 473 Gallus
399 437 481 488 quum
492 427 627 485 moveret,
640 421 732 483 fiebat,
742 429 774 472 nt
785 422 840 484 soii

26 487 99 539 luna
108 488 228 540 totidem
239 492 465 542 conversionibus
475 492 503 541 in
515 494 579 543 aire
591 491 651 552 illo,
664 497 730 557 quot
741 492 838 542 diebus
921 549 931 558 p

26 559 61 608 in
72 558 137 623 ipso
147 559 418 624 caelo,succederet;
429 575 463 612 ex
474 576 529 628 quo
541 567 570 613 et
580 559 840 628 in[caelo]sphoe1u

28 627 103 678 solis
114 627 195 680 fieret
206 629 302 681 eadem
312 629 363 681 illa
374 628 505 691 deiectio,
517 636 547 682 et
558 630 694 682 incideret
702 629 769 681 luna
779 637 839 680 tum

27 697 61 747 in
72 713 136 778 epm
147 704 259 798 ”lefim’
276 714 349 768 quae
358 708 433 754 esset
443 700 541 752 umbra
547 707 655 768 terrae,
674 713 758 767 quum
769 695 813 749 ⁸01
825 714 839 752 r

29 780 151 835 regione
315 779 320 792 ’

163 871 248 935 (Octo
260 876 366 940 paginae
377 872 499 923 biclinio
507 872 710 935 desiderantur.)

85 967 148 1025 XV.
169 975 228 1006 “⁴
243 973 311 1037 fuit,
332 973 407 1044 quod
423 975 521 1042 etipse
531 973 668 1027 hominem
680 973 839 1041 diligebam,

31 1047 62 1093 et
83 1041 114 1092 in
134 1044 230 1109 primis
247 1046 323 1110 patri
339 1061 401 1097 meo
417 1044 517 1097 Paullo
533 1044 682 1112 probatum
700 1052 729 1101 ,et
746 1059 840 1095 carum

30 1110 119 1162 fuisse
141 1127 334 1180 cognoveram.
369 1114 499 1176 Memini,
518 1130 563 1166 me
583 1114 730 1166 admodum
747 1113 840 1166 odolr-

29 1181 169 1252 scentulo‚
189 1198 272 1250 quum
284 1184 404 1249 paterio
413 1182 580 1234 Macedonia
592 1183 695 1235 Consul
706 1193 789 1244 essct,
810 1177 841 1231 oi

31 1259 157 1303 essemus
178 1252 207 1302 iu
228 1254 343 1314 castris,
363 1252 523 1320 perturbari
544 1253 697 1304 exercitum
714 1259 842 1305 nostrum

30 1319 100 1386 reli(
111 1319 117 1332 ’
140 1335 173 1371 ne
185 1327 213 1372 et
223 1326 310 1382 motu,
323 1320 399 1388 quod
410 1336 508 1372 serena
518 1327 600 1372 nocte
611 1322 705 1373 subito
718 1320 840 1372 candens

32 1395 62 1441 et
79 1390 159 1456 pleno
175 1389 413 1442 ¹·1naintecisset.
450 1391 522 1440 'l'um
538 1390 601 1451 ille,
621 1403 704 1460 quum
714 1390 840 1456 Legatus

31 1467 129 1509 noster
138 1466 213 1511 esset
225 1477 296 1511 antro
308 1459 366 1511 fere
377 1466 449 1522 ante,
460 1455 543 1541 'quam
550 1459 654 1510 Consul
664 1465 707 1527 est
718 1457 840 1510 declara-
922 1459 925 1473 ¹

31 1538 94 1592 tus,
113 1527 189 1581 baud
201 1530 340 1581 dubitavit
352 1530 492 1596 postridie
502 1529 594 1596 palam
608 1530 637 1579 in
649 1529 749 1581 castris
760 1527 840 1580 doco-

31 1612 74 1662 re,
93 1598 200 1651 nullum
213 1616 273 1652 esse
285 1599 458 1667 prodigium
478 1599 565 1666 idque
574 1604 601 1649 et
611 1604 670 1649 tum
681 1599 786 1649 iactum
799 1613 841 1648 os·

31 1683 78 1730 se,
98 1675 126 1720 et
138 1672 220 1720 certis
233 1670 405 1735 temporibus
424 1684 533 1736 semper
542 1668 679 1729 littorum,
700 1683 785 1735 quum
795 1666 839 1718 sol

31 1739 77 1791 ita
88 1739 328 1801 locotusfuisset,
348 1745 380 1791 ut
397 1740 490 1790 lunam
500 1753 551 1789 suo
565 1738 669 1790 lumine
678 1753 734 1788 non
742 1739 841 1803 posset

30 1807 180 1879 attingere.
217 1806 268 1859 ltin
278 1808 405 1871 tandem,
423 1809 514 1875 inquit
526 1809 653 1869 'rubo-io,
672 1807 772 1858 doecre
786 1804 841 1858 hoc

32 1886 146 1945 poterat
157 1878 205 1929 ille
216 1876 341 1929 homines
352 1893 439 1945 paene
448 1883 583 1946 agrestes,
604 1884 633 1929 et
642 1875 717 1945 apud
726 1876 840 1942 imperis·

32 1954 78 1998 tos
100 1947 221 1999 surdebat
238 1946 312 1999 >haec
331 1947 441 2002 diceret
460 1963 500 2007 s.
519 1947 573 2011 Ille
587 1962 672 2011 vero,
694 1951 722 1999 et
738 1960 841 2014 magna

32 2014 291 2085 quidumcum***

43 2122 108 2182 (Hic
120 2120 190 2170 Maio
200 2120 266 2181 duae
281 2120 314 2171 ad
323 2123 464 2172 minimum
473 2121 580 2188 paginae
589 2119 709 2172 videntur
718 2082 828 2181 deerret)

33 2237 120 2288 seque
130 2219 254 2274 insolens
266 2223 433 2283 ostentatio,
454 2236 544 2291 nequo
555 2221 646 2272 oratio
657 2221 810 2273 abhorrens
822 2235 840 2273 s

33 2298 154 2357 persona
168 2290 288 2343 hominis
303 2291 476 2359 gravissimi3
498 2305 557 2341 rem
573 2291 647 2342 enim
657 2305 784 2357 magnam
797 2305 840 2341 as·

33 2364 161 2422 secutus,
184 2361 273 2430 quod,
290 2359 448 2412 hominibus
460 2359 638 2425 perturbatis,
658 2357 842 2437 inanemrelii
927 2396 932 2403 .

34 2429 146 2496 gionem
157 2430 341 2496 timoremque
357 2428 505 2479 deiecerat.
597 2446 600 2451 ·
847 2471 850 2476 .

87 2496 161 2551 xvi.
181 2501 272 2565 Atque
287 2495 425 2550 eiusmodi
446 2495 578 2562 quiddam
595 2494 681 2547 etiam
696 2494 772 2546 bello
786 2495 840 2547 illo

33 2568 170 2630 maximo,
190 2558 264 2637 qdod
274 2567 453 2631 Athenienses
465 2571 493 2620 et
503 2565 719 2618 Irasedosmonii
731 2581 841 2619 summu

33 2637 110 2692 inter
118 2643 148 2694 'so
158 2632 338 2693 contentione
348 2643 504 2709 gesserunt,
510 2636 696 2699 Periclesille,
707 2646 735 2689 ot
744 2646 842 2713 aucto

35 2711 123 2764 ritate
147 2719 175 2766 et
196 2712 356 2780 eloquentia
381 2716 410 2763 et
431 2708 547 2762 consilio
569 2708 698 2778 princeps
718 2707 841 2762 civitatis
896 2716 902 2723 ’

756 2830 778 2854 ὀ*

353 2874 362 2899 Ν
393 2882 395 2887 ’
429 2876 431 2879 “
508 2890 512 2897 .

320 2909 336 2921 ι.
