2084 3025
273 147 354 204 LlB.
371 148 410 206 11.
443 149 527 206 CAP.
544 147 587 205 lo
601 148 645 205 11.
810 148 864 205 tro

33 255 95 312 aed
115 252 155 307 «le
175 250 221 305 his
235 250 310 305 male
326 252 496 310 existimant.
533 252 733 317 Quamobrem,
752 254 785 306 ut
799 263 865 307 ante

34 313 116 388 dixi,
135 327 357 380 contemnuntur
366 323 396 387 ii,
417 324 465 392 qui
476 325 595 387 neesiii,
613 324 764 389 necaturi,
782 332 814 375 ut
824 324 865 377 sll-

36 398 140 459 eitun
162 395 195 445 in
205 394 305 460 quibus
316 392 410 444 nullus
422 394 511 457 labor,
531 394 768 456 nullaindnstria,
787 394 865 447 nulla

37 481 118 520 cura
129 469 189 517 est.
216 462 258 516 37.
274 462 467 517 Admiratione
477 464 596 531 quadum
607 464 805 525 officiunturil,
816 464 863 531 qui

36 534 164 598 anteire
177 533 279 586 ceteris
290 532 394 588 virtute
404 540 582 599 putantur,et
592 549 674 602 quum
686 534 863 586 omnicerere

37 604 208 666 dedecore,
224 609 289 655 tum
303 617 371 656 vero
386 603 424 654 iis
432 604 522 665 vitiis,
544 603 642 671 quibus
653 603 704 655 alii
715 619 770 654 non
780 603 864 656 facile

37 678 173 744 possunt
185 673 329 728 obsistere.
365 671 437 725 Nam
445 681 477 726 ot
487 673 656 740 voluptates,
666 672 864 725 blandissimae

38 743 204 805 dominae,
223 742 339 797 maioris
359 741 448 809 partia
469 744 598 796 animm*
617 757 636 794 a
653 742 759 794 virtute
773 740 865 794 detor·

38 819 154 883 quent3
177 818 206 863 et
218 812 345 864 dolorum
357 826 440 878 quum
450 812 634 865 admoventur
643 810 733 875 inem,
753 818 866 877 praeter

40 881 170 936 modum
182 880 308 949 plerique
322 888 510 935 exterrentur:
533 882 606 946 rita,
626 896 715 945 mora,
738 880 865 942 divitiae,

42 958 223 1023 paupertas,
243 966 337 1003 omnes
359 950 485 1005 homines
500 949 743 1005 vehementlanime
757 964 866 1019 permo·

42 1029 130 1076 rent.
170 1020 249 1082 Quae
264 1021 354 1089 quiin
369 1028 515 1090 utramque
529 1028 637 1088 partem
650 1020 761 1075 excelso
772 1020 865 1071 animo

44 1105 216 1158 magnoque
235 1090 403 1157 despiciunt,
422 1106 562 1159 quumque
576 1089 827 1160 aliquahisamplo
837 1096 867 1141 et

46 1160 233 1218 honestiores
245 1161 356 1213 obieeta
372 1168 427 1223 est,
445 1167 522 1214 totos
537 1160 574 1213 ad
591 1177 622 1215 ae
634 1160 772 1215 convertit
782 1167 811 1212 et
822 1173 865 1212 ra·

48 1233 105 1301 pit,
119 1236 184 1280 tum
194 1230 254 1297 quia
264 1246 321 1282 non
330 1230 485 1284 admiretur
495 1232 673 1301 splendorem
683 1228 866 1299 pulchritudi-

47 1299 312 1367 nemquerirtutisl
330 1299 866 1369 Xl.38.Ergoethaeennimidespielen·

48 1372 96 1423 tia
111 1369 362 1421 admirabilitatem
373 1384 502 1439 magnam
512 1369 597 1426 lariti
618 1376 647 1423 et
657 1369 777 1421 maxime
787 1366 865 1418 iusti·

48 1442 104 1502 tia,
118 1453 155 1490 ex
166 1454 222 1507 qua
233 1454 287 1492 una
296 1440 403 1492 virtute
412 1440 466 1493 oiri
474 1439 542 1494 inni
550 1440 734 1507 appellentur,
748 1436 867 1488 mirifica

49 1508 196 1580 quaedam
216 1508 389 1565 multitudini
407 1510 533 1564 videtur:
558 1525 609 1563 nee
628 1508 741 1561 iniuria.
777 1505 867 1559 Nemo

24 1581 132 1635 'enim
149 1579 241 1630 iustus
259 1585 437 1647 essepoteat,
457 1581 505 1649 qui
519 1585 652 1643 mortem,
673 1574 867 1646 quidolorern‚

50 1651 107 1718 qui
118 1647 263 1712 exsilium,
283 1650 330 1717 qui
339 1655 494 1718 egestatem
506 1650 600 1712 timet,
620 1655 670 1701 out
700 1647 781 1709 uiea,
795 1660 868 1713 quae

49 1718 100 1772 his
113 1725 182 1770 sunt
192 1719 341 1781 contraria,
356 1720 492 1788 aequitati
502 1719 656 1786 anteponit.
723 1717 868 1782 uinaque

52 1789 319 1850 admirantureum,
339 1789 731 1857 quipeeunianonmoveture
752 1784 868 1854 quodin

53 1874 114 1928 quo
130 1857 193 1908 viro
209 1864 383 1925 perspectum
399 1861 449 1922 sit,
468 1856 541 1910 hune
554 1859 614 1928 igni
627 1862 785 1926 spectatum
797 1855 868 1910 orbi·

53 1933 180 1981 uantur.
201 1927 298 1996 ltaque
308 1928 359 1980 illa
369 1929 434 1991 tria,
445 1944 516 1996 quae
528 1928 676 1996 proposita
685 1932 751 1979 suot
761 1925 868 1995 adglo-

53 2000 141 2059 riam,
152 1997 247 2049 omnia
255 1998 367 2050 iustitia
376 1998 501 2051 eonlieit:
513 2005 542 2050 et
552 1997 785 2059 benevolentiam,
792 1996 869 2065 quod

55 2066 198 2135 prodesse
219 2067 280 2118 uult
298 2068 443 2135 plurimiss
471 2074 501 2120 et
525 2067 562 2119 ob
583 2066 709 2120 eumdem
732 2078 868 2127 messam,

55 2137 157 2190 iidem:
170 2143 198 2189 et
209 2136 510 2206 admirationemquod
519 2153 567 2189 eas
577 2152 623 2191 res
632 2135 870 2205 spernitetnegli·

56 2208 110 2278 git,
133 2206 170 2258 ad
182 2222 249 2273 quas
259 2204 384 2276 plerique
394 2207 559 2259 inflammati
569 2206 704 2259 aviditate
712 2206 868 2273 rapiuntur.

114 2274 159 2329 ae.
178 2278 218 2329 Ao
235 2292 298 2329 mea
312 2277 423 2344 quidem
437 2277 579 2330 sententia
593 2277 682 2329 omnis
697 2277 770 2329 ratio
784 2281 870 2341 etque

57 2344 204 2400 institutio
225 2346 301 2399 vitae
321 2346 480 2399 adiumenta
499 2344 642 2399 hominum
663 2345 819 2399 desideret:
839 2343 870 2395 in
961 2360 963 2363 ’

59 2415 231 2486 primisque,
249 2422 282 2467 ut
298 2414 415 2479 habeas,
455 2416 597 2468 uibnseum
612 2416 704 2483 possis
714 2413 871 2466 familiares
924 2446 933 2454 -

59 2484 191 2540 conferre
208 2500 363 2539 sermones:
384 2433 459 2553 quod
472 2491 516 2537 est
532 2485 659 2547 difficile,
679 2483 736 2535 nisi
747 2481 869 2546 speeiem

59 2571 129 2626 prae
140 2561 171 2606 te
182 2555 249 2607 boni
259 2555 314 2606 viri
325 2554 407 2607 ieras.
435 2555 511 2622 Ergo
527 2555 611 2607 etiam
622 2551 752 2604 solitario
763 2547 871 2600 homini

62 2634 149 2692 atque
164 2625 194 2676 in
208 2639 276 2692 agro
291 2625 378 2676 sitam
391 2624 485 2691 agenti
500 2624 596 2690 opinio
610 2619 735 2672 institiae
746 2630 872 2668 necessa·

61 2696 109 2751 ria
119 2702 178 2760 est3
198 2709 286 2763 eoque
298 2695 386 2750 etiam
397 2693 496 2762 ηιαςίι,
516 2691 601 2762 qnod,
616 2688 714 2742 sieam
723 2683 870 2739 nonhabe
