2084 3025
258 123 338 178 LIB.
354 126 392 180 ll
426 126 510 181 cAP.
525 128 551 183 o.
567 125 611 184 10.
782 127 834 184 213

29 230 193 292 mulacrum,
214 235 260 281 tot
272 231 477 284 uenturionibus
487 233 551 285 suis¹
560 233 797 301 inspectantibus,
817 250 835 286 e

29 300 212 352 nobilissimis
224 300 342 364 civibus,
363 302 464 368 partim
482 305 597 356 etiams
607 318 637 356 sc
649 305 775 357 omnibus
792 319 834 357 re·

5 426 7 429 ,
30 370 207 432 inserentis,
223 371 380 423 trucidatus
390 372 556 437 ite-iaceret,
577 382 610 426 ut
619 374 655 425 ad
665 374 724 427 eius
735 389 835 441 corpus

29 456 81 490 uon
91 440 178 491 niodo
195 441 361 505 anticorum,
381 443 431 494 sed
440 458 475 495 ne
484 459 627 496 seruorum
638 443 749 511 quidem
763 444 833 511 quis·

30 525 106 576 quom
123 510 287 573 accederem
308 527 362 579 quo
378 513 501 564 cruciatu
513 513 599 564 unioni
611 514 697 564 uitam
709 520 835 565 acturum

30 580 128 631 luisset
159 581 245 632 Gerre
265 581 358 649 igitur
370 584 509 650 ignoratio
528 583 684 636 futurorum
700 584 835 634 malorum

31 650 124 700 utilior
143 656 196 712 est,
220 667 304 718 quem
318 652 444 705 scicntia.
479 652 525 705 24.
543 653 614 705 Nam
635 653 706 703 illud
726 652 835 719 quidem

30 718 95 780 dici,
115 721 441 785 pnuescnimestoiois,
462 723 634 774 nullomodo
647 729 752 789 potest:
773 721 836 774 Non
865 772 868 779 ,

30 787 98 840 isset
109 789 145 840 ad
156 802 237 841 arma
246 790 406 857 Pompeius:
428 808 482 842 non
498 793 647 843 transisset
657 792 777 842 Crassus
784 792 838 842 Eu·

30 855 169 924 phuctem:
181 875 238 910 non
247 862 416 927 suscepisset
425 861 531 915 bellum
541 862 622 914 civile
634 864 745 913 Cacsar.
775 861 840 912 Non

29 928 123 995 igitm
132 927 243 982 fatales
253 931 345 983 exitus
359 929 522 984 habuerunt.
559 930 653 983 Vultis
668 938 762 982 eutem
777 947 838 982 erc·

27 998 93 1050 nire
100 1000 200 1050 ononis
207 998 284 1063 fat03
308 1001 378 1052 nihil
388 1018 456 1070 ergo
466 1002 524 1053 illis
535 1001 686 1069 profuisset
697 1000 837 1052 divinare:

29 1073 116 1135 utque·
126 1070 214 1120 etiam
227 1085 340 1122 onlnem
353 1071 473 1124 fructum
485 1072 560 1125 vitae
577 1070 728 1139 superioris
746 1069 837 1140 perdi·

29 1136 142 1190 dissent.
181 1139 255 1199 Quid
275 1142 348 1192 enim
364 1150 460 1208 posset
474 1142 508 1193 iis
525 1158 586 1194 esse
604 1143 722 1204 laetum,
744 1142 837 1194 exitus

28 1223 91 1259 suos
108 1210 316 1276 cogitantibus?
343 1212 397 1274 lta,
416 1227 527 1279 quoquo
544 1228 573 1264 sc
589 1212 725 1268 verterint
739 1210 837 1272 Stoici,

28 1278 121 1331 incest
131 1295 245 1330 necesse
257 1287 300 1331 cst
312 1283 509 1333 onruiseorum
520 1282 657 1334 sollertia.
674 1281 704 1332 Si
715 1282 787 1333 cnim
799 1279 843 1342 td,

28 1348 101 1414 qood
113 1356 279 1401 cruentorum
292 1356 348 1411 cst,
368 1352 416 1403 uel
429 1350 482 1401 hoc
497 1352 594 1413 modo,
617 1352 662 1403 rel
678 1351 729 1401 illo
744 1356 839 1417 potest

28 1419 154 1482 evenire:
166 1419 290 1470 ⁴fortune
300 1419 377 1471 volet
392 1422 551 1487 plurimum.
588 1422 667 1481 Quae
679 1427 771 1471 cutem
782 1418 839 1469 ior·

26 1489 99 1541 tuito
109 1496 184 1552 sunt,
199 1498 349 1542 eertuesse
357 1505 412 1540 uon
424 1496 548 1556 possunt.
566 1488 615 1541 Sin
627 1494 719 1540 autem
731 1496 838 1540 certum

25 1566 75 1621 ost,
92 1559 161 1627 quid
173 1576 286 1627 quoque·
295 1560 378 1624 dere,
394 1574 503 1626 quoquc
513 1566 639 1625 tempore
650 1559 776 1609 loturum
787 1558 839 1609 sit:

24 1629 157 1695 quidest,
170 1631 243 1696 quod
257 1629 444 1680 nievadiuveut
456 1626 627 1696 haruspices,
643 1642 780 1697 quiumres
790 1627 845 1680 tri·

23 1700 167 1750 stissimas
180 1697 312 1764 portendi
323 1696 463 1749 dixerint?

76 1770 112 1819 X.
132 1769 178 1820 23.
197 1767 309 1818 Addunt
321 1767 355 1819 ad
369 1774 537 1830 ext-romum,
556 1769 649 1820 omnia
660 1768 838 1822 leviuscesu·

24 1853 70 1899 ro,
89 1836 289 1890 rebusdivinis
304 1840 468 1903 procuratis.
505 1837 535 1890 Si
546 1839 619 1890 cuim
631 1838 700 1891 nihil
716 1840 748 1891 lit
759 1849 840 1894 extro
907 1859 911 1863 ·

25 1907 123 1970 fatum,
139 1905 216 1957 nihii
223 1907 316 1958 leuari
324 1923 355 1959 re
366 1907 461 1959 diuino
472 1915 574 1974 potest.
611 1910 675 1961 Hoc
684 1911 771 1962 sentit
780 1910 838 1962 Ho-

26 1992 129 2040 merus,
142 1992 227 2044 quum
240 1985 400 2044 querentem
412 1978 506 2029 iorem
518 1979 635 2040 inducit,
654 1980 727 2047 quod
740 1981 839 2048 Sarpe-

24 2046 127 2099 donem
138 2048 227 2098 filium
240 2063 257 2098 a
268 2053 365 2099 morte·
375 2054 474 2099 contro
490 2046 580 2098 lutum
591 2050 698 2116 eripere
709 2067 763 2100 nou
776 2067 839 2116 pos·

24 2124 80 2169 set.
106 2118 172 2169 lloc
181 2117 257 2169 idem
269 2118 409 2185 significat
419 2115 604 2173 G1·oecusille
615 2120 645 2171 in
656 2135 718 2172 oum
729 2130 839 2174 sentcn-
937 2156 939 2159 -

22 2189 96 2240 tiam
107 2203 221 2240 versus:

62 2256 144 2323 Quos
158 2258 228 2335 fere
242 2267 377 2330 paratum
391 2266 441 2323 ert,
460 2256 783 2328 idrummomexcuperrit
794 2259 838 2314 Io·

508 2345 574 2382 cern.

26 2399 259 2454 Tetumomninc
275 2398 369 2452 latrem
380 2399 463 2450 etiam
475 2399 782 2451 Atellaniorersuiure
791 2398 842 2448 mi·

24 2468 53 2524 li
66 2487 134 2523 csse
155 2470 400 2521 inrisumvioeuu.
437 2467 495 2520 Sed
512 2469 543 2518 in
561 2470 644 2521 rebus
660 2475 717 2519 tum
737 2466 842 2518 screnis

19 2556 80 2593 non
96 2540 261 2599 est-iocandi
276 2540 364 2591 locus.
402 2536 782 2603 Concludaturigiturrutio.
812 2530 842 2581 Si

14 2613 102 2668 enim
113 2610 255 2675 provideri
266 2609 337 2662 nihil
348 2615 442 2675 potest
453 2607 577 2659 futurum
586 2622 646 2659 esse
652 2618 757 2666 eorum,
769 2613 840 2680 ‘1⁰3⁰

13 2697 95 2736 cusu
117 2680 196 2744 liunt,
216 2680 280 2748 quio
299 2695 361 2733 esse
378 2685 455 2731 certo
475 2677 531 2730 nos
551 2679 681 2743 possunt:
704 2670 839 2726 diuinatio
