2084 3025
180 141 216 194 76
268 154 273 169 ’
335 187 342 194 ,
444 136 711 190 ΡΔΒᾸΒΟΧΛ.

185 232 260 295 certe
270 242 330 307 ipse
340 241 504 307 conpotuit.
526 243 571 293 .c.
582 257 647 294 vero
657 239 779 293 Marium
789 239 921 302 vidimus,
938 239 987 307 qui

183 310 252 363 mihi
262 311 390 361 secundis
401 311 429 365 io
439 313 521 363 rebus
533 327 602 363 unus
613 311 805 364 exfestucatis
812 310 988 375 homiuibus3

182 381 212 432 in
223 381 347 432 adversis
357 396 427 432 unus
438 395 472 432 ex
482 383 597 433 summis
607 382 675 433 viris
685 381 846 444 videbatur3
856 394 913 446 quo
923 380 988 431 bea·

184 451 242 501 tius
252 465 312 503 esse
323 450 436 515 mortali
445 448 514 500 nihil
524 458 625 517 potest.
653 448 695 502 1⁷.
706 450 812 515 Nescis,
823 451 931 511 insane,
941 465 990 501 ne·

184 520 248 582 scis,
265 525 381 586 quantas
391 521 465 587 vires
475 521 565 572 virtus
576 520 687 583 habeat,
700 535 800 572 nomen
810 525 922 570 tantum
932 519 990 570 vir·

128 604 133 617 “
186 591 254 641 tutis
265 604 395 655 usurpas:
412 586 477 656 quid
488 590 661 659 ip'savaleat,
681 591 803 656 ignoras.
836 588 929 653 Nemo
940 604 990 655 po·

113 667 120 675 “
185 666 243 711 test
252 674 306 709 non
316 659 492 731 beatissimus
504 676 572 722 esse,
584 662 631 730 qui
641 666 683 711 est
693 665 769 711 totus
777 665 859 725 aptus
870 672 908 710 cx
918 672 990 720 sese,

185 730 286 795 quique
296 728 324 777 in
335 743 365 779 se
375 744 430 779 uno
441 744 492 780 sua
501 730 581 795 pouit
591 731 692 781 omnia.
720 729 772 781 Cui
782 743 846 795 spes
858 728 958 778 omnis
965 734 994 779 et

184 799 258 849 ratio
270 804 299 848 et
308 797 442 863 cogitatio
453 799 555 864 pendet
564 814 599 848 ex
610 798 736 860 fortuna3
747 796 888 847 huicnihil
894 803 993 862 potest

186 880 247 920 esse
258 868 339 931 certi5
350 865 429 928 nihil,
440 867 514 933 quod
524 866 697 932 exploratum
709 863 819 933 babeat,
828 880 993 932 permansu-
1028 890 1033 910 ι

185 952 246 989 rum
257 937 312 987 sibi
325 951 410 985 unum
421 934 503 988 diem.
539 937 610 986 Eum
622 942 651 986 tu
668 934 808 986 homiuem
818 941 946 997 terreto,
969 936 995 988 si

186 1021 268 1075 quem
277 1006 333 1057 eris
344 1000 449 1069 nactus,
458 1006 519 1056 istis
530 1005 630 1056 mortis
640 1013 688 1057 aut
697 1005 790 1057 exsilii
800 1005 895 1055 minis.
919 1004 995 1058 Mihi

184 1090 253 1126 vcro
265 1073 399 1141 quidquid
413 1075 548 1128 acciderit
562 1076 592 1126 iis
606 1081 663 1127 tam
679 1075 790 1141 ingrata
805 1074 938 1138 civitate,
960 1090 996 1128 nc

125 1138 129 1147 ⁷
187 1143 328 1197 recusanti
338 1143 449 1211 quidem
460 1146 593 1208 evenerit,
608 1160 664 1196 non
674 1143 757 1196 modo
767 1159 823 1196 nou
835 1160 995 1213 repugnan-

173 1215 220 1265 ti.
257 1212 414 1274 eniienim
426 1229 477 1280 ego
489 1215 624 1278 laboravi,
635 1221 683 1266 aut
694 1214 759 1281 quid
769 1214 824 1282 egi,
836 1221 886 1267 aut
897 1216 998 1282 inquo

187 1283 388 1353 evigilaverunt
400 1299 483 1336 curae
494 1293 522 1337 et
533 1285 717 1353 cogitationes
728 1299 820 1346 meae,
839 1284 866 1336 si
876 1280 993 1350 quidem

187 1351 258 1406 nibil
267 1354 363 1420 peperi
372 1353 444 1416 tale,
463 1354 535 1406 nihil
552 1361 716 1408 consecutus
729 1370 805 1416 sum,
825 1361 904 1406 uteo
916 1361 994 1406 statu

189 1438 286 1485 essem,
299 1439 379 1489 quem
390 1438 479 1491 neque
489 1423 621 1478 fortunae
631 1424 784 1486 temeritas,
798 1439 890 1492 neque
902 1424 994 1476 inimi·

188 1508 284 1548 corum
295 1493 478 1546 labefactaret
488 1494 607 1547 iniurial
636 1493 678 1548 18.
693 1495 850 1547 Mortemue
859 1495 933 1547 mihi
945 1495 995 1547 mi·

186 1564 294 1627 nitaris,
314 1570 346 1615 ut
358 1565 468 1615 omnino
480 1567 515 1617 ab
526 1564 695 1630 hominibus3
717 1581 752 1616 aa
763 1560 896 1618 exsilium
917 1572 951 1617 ut
961 1566 995 1617 ab

186 1633 323 1700 improbis
344 1632 553 1701 demigrandum
568 1635 622 1686 siti
640 1634 718 1685 Mors
739 1635 875 1687 terribilis
891 1635 996 1698 estiis,

188 1717 305 1771 quorum
317 1717 377 1753 cum
388 1703 446 1754 vita
456 1706 550 1755 omnia
560 1705 785 1770 exstinguuntur3
799 1718 855 1755 non
865 1703 914 1767 iis,
929 1719 997 1772 quo-

146 1819 149 1822 .
187 1785 248 1825 rum
260 1772 321 1824 laus
333 1772 421 1823 emori
431 1786 486 1822 non
496 1777 600 1838 potest:
612 1772 740 1823 exsilium
751 1777 845 1824 autem
855 1772 926 1836 illis,
937 1774 998 1842 qui·

96 1845 107 1852 “
167 1870 171 1876 ·
187 1841 240 1898 bus
252 1841 331 1909 quasi
341 1842 566 1908 circumscriptus
576 1847 618 1893 est
628 1841 772 1894 habitandi
782 1842 876 1907 locus;
889 1845 998 1908 neniis,

188 1911 238 1980 qui
260 1926 369 1962 omnem
390 1912 486 1963 orbem
499 1917 639 1963 terrarum
656 1927 740 1963 unam
755 1913 853 1964 urbem
869 1928 934 1966 csse
949 1914 998 1976 du·

188 1986 264 2032 cunt.
288 1982 329 2031 Te
340 1979 477 2044 irrisoriae,
487 1989 516 2034 te
527 1996 676 2036 aerumnae
687 1987 823 2050 premunt,
834 1981 883 2049 qul
894 1991 924 2036 te
932 1985 997 2037 bee-

119 2050 132 2069 ‘
188 2057 258 2110 tum,
269 2050 317 2116 qui
328 2047 474 2103 florentem
483 2059 579 2120 putes:
591 2060 658 2105 tusc
668 2052 799 2105 libidines
808 2060 838 2104 te
848 2059 998 2121 torquent:

189 2127 223 2171 tu
235 2118 294 2170 dies
304 2125 455 2190 noctesque
466 2123 614 2186 cruciaris3
626 2124 672 2174 cui
682 2139 733 2175 nce
742 2128 787 2174 sat
798 2128 849 2185 cst,
860 2124 938 2190 quod
949 2129 999 2184 cst,

191 2194 221 2243 et
233 2188 263 2240 id
277 2189 381 2256 ipsum,
399 2207 434 2243 ne
449 2207 504 2243 non
520 2192 558 2243 sit
574 2192 748 2254 diuturnum,
768 2193 868 2245 times:
889 2199 922 2246 te
937 2208 1002 2244 con·

191 2259 325 2312 scientiae
340 2260 485 2314 stimulant
500 2261 703 2314 maleficiorum
717 2267 844 2314 tuorum:
865 2268 898 2316 te
909 2269 1001 2315 metus

115 2355 117 2359 ·
191 2329 351 2383 exanimant
362 2329 530 2382 iudiciorum
541 2341 625 2400 atquc
635 2333 741 2399 logum:
763 2345 943 2399 quocumque
955 2330 1002 2382 ud·

191 2398 323 2464 spensti,
344 2405 376 2453 ut
385 2398 487 2462 fririae,
506 2402 550 2452 sic
564 2408 630 2454 tuae
640 2402 854 2470 tibboccurrunt
869 2401 1001 2463 iniuriae,

191 2481 263 2533 quae
274 2473 303 2519 te
314 2469 452 2534 respiraro
462 2485 519 2520 non
528 2471 632 2523 sinunt.
655 2469 698 2524 19.
709 2470 900 2532 Quamobrem
910 2477 943 2523 ut
953 2472 1003 2522 im·

135 2571 138 2578 ,
190 2535 280 2651 {rubo
291 2544 320 2588 et
328 2538 415 2589 stulto
428 2544 457 2589 et
467 2540 553 2590 inerti
562 2541 665 2591 nemini
675 2543 745 2592 benc
756 2555 817 2592 esse
827 2545 941 2607 potente
963 2539 1004 2591 sic

212 2618 280 2656 onus
291 2605 373 2658 viret
386 2607 469 2659 fortis
486 2614 514 2658 et
530 2609 642 2676 sapiens
652 2610 738 2661 miser
752 2624 814 2661 csse
831 2624 889 2660 uon
899 2609 1003 2677 potest

193 2665 337 2738 Necrero,
358 2675 435 2729 cuius
445 2676 535 2731 virtus
549 2694 687 2750 moresque
701 2677 926 2741 laudandirunt,
948 2677 1004 2732 eius
