<?xml version="1.0" encoding="UTF-8"?>
<!DOCTYPE html PUBLIC "-//W3C//DTD XHTML 1.0 Transitional//EN"
    "http://www.w3.org/TR/xhtml1/DTD/xhtml1-transitional.dtd">
<html xmlns="http://www.w3.org/1999/xhtml" xml:lang="en" lang="en">
 <head>
  <title>
</title>
<meta http-equiv="Content-Type" content="text/html;charset=utf-8" />
  <meta name='ocr-system' content='tesseract 3.04.00' />
  <meta name='ocr-capabilities' content='ocr_page ocr_carea ocr_par ocr_line ocrx_word'/>
</head>
<body>
  <div class='ocr_page' id='page_1' title='image "./opera00nobbgoog_0587.png"; bbox 0 0 2084 3025; ppageno 0'>
   <div class='ocr_carea' id='block_1_1' title="bbox 271 77 880 185">
    <p class='ocr_par' dir='ltr' id='par_1_1' title="bbox 271 77 880 185">
     <span class='ocr_line' id='line_1_1' title="bbox 271 77 880 185; baseline 0.018 -11"><span class='ocrx_word' id='word_1_1' title='bbox 271 77 406 178; x_wconf 75' lang='lat' dir='ltr'><strong>man.</strong></span> <span class='ocrx_word' id='word_1_2' title='bbox 444 124 530 179; x_wconf 75' lang='lat' dir='ltr'><strong>can.</strong></span> <span class='ocrx_word' id='word_1_3' title='bbox 548 122 592 180; x_wconf 72' lang='grc' dir='ltr'><strong>ιι.</strong></span> <span class='ocrx_word' id='word_1_4' title='bbox 610 121 653 179; x_wconf 87' lang='lat'><strong>18.</strong></span> <span class='ocrx_word' id='word_1_5' title='bbox 808 127 880 185; x_wconf 78' lang='grc' dir='ltr'>ιιι·</span> 
     </span>
    </p>
   </div>
   <div class='ocr_carea' id='block_1_2' title="bbox 13 222 885 2725">
    <p class='ocr_par' dir='ltr' id='par_1_2' title="bbox 13 222 885 2675">
     <span class='ocr_line' id='line_1_2' title="bbox 49 222 862 299; baseline 0.012 -23"><span class='ocrx_word' id='word_1_6' title='bbox 49 222 128 288; x_wconf 77' lang='lat' dir='ltr'><strong>forte</strong></span> <span class='ocrx_word' id='word_1_7' title='bbox 143 229 229 284; x_wconf 80' lang='lat' dir='ltr'><strong>erunt</strong></span> <span class='ocrx_word' id='word_1_8' title='bbox 245 224 323 293; x_wconf 80' lang='lat' dir='ltr'><strong>digni</strong></span> <span class='ocrx_word' id='word_1_9' title='bbox 337 227 508 282; x_wconf 73' lang='lat' dir='ltr'><strong>calamitate.</strong></span> <span class='ocrx_word' id='word_1_10' title='bbox 545 231 576 282; x_wconf 84' lang='lat' dir='ltr'><strong>ln</strong></span> <span class='ocrx_word' id='word_1_11' title='bbox 590 230 626 282; x_wconf 90' lang='lat' dir='ltr'><strong>iis</strong></span> <span class='ocrx_word' id='word_1_12' title='bbox 640 237 748 294; x_wconf 85' lang='lat' dir='ltr'><strong>tamen,</strong></span> <span class='ocrx_word' id='word_1_13' title='bbox 767 233 814 299; x_wconf 89' lang='lat' dir='ltr'><strong>qui</strong></span> <span class='ocrx_word' id='word_1_14' title='bbox 831 247 862 287; x_wconf 87' lang='lat' dir='ltr'><strong>se</strong></span> 
     </span>
     <span class='ocr_line' id='line_1_3' title="bbox 47 294 862 368; baseline 0.007 -21"><span class='ocrx_word' id='word_1_15' title='bbox 47 294 183 347; x_wconf 81' lang='lat' dir='ltr'><strong>adiuvari</strong></span> <span class='ocrx_word' id='word_1_16' title='bbox 196 295 309 368; x_wconf 67' lang='lat' dir='ltr'><strong>uolent⁸</strong></span> <span class='ocrx_word' id='word_1_17' title='bbox 324 313 380 349; x_wconf 92' lang='lat' dir='ltr'><strong>non</strong></span> <span class='ocrx_word' id='word_1_18' title='bbox 390 304 421 349; x_wconf 85' lang='lat' dir='ltr'><strong>ut</strong></span> <span class='ocrx_word' id='word_1_19' title='bbox 436 314 471 350; x_wconf 86' lang='lat' dir='ltr'><strong>ne</strong></span> <span class='ocrx_word' id='word_1_20' title='bbox 488 298 659 367; x_wconf 86' lang='lat' dir='ltr'><strong>affligantur,</strong></span> <span class='ocrx_word' id='word_1_21' title='bbox 679 301 729 353; x_wconf 89' lang='lat' dir='ltr'><strong>sed</strong></span> <span class='ocrx_word' id='word_1_22' title='bbox 740 308 771 352; x_wconf 86' lang='lat' dir='ltr'><strong>ut</strong></span> <span class='ocrx_word' id='word_1_23' title='bbox 781 302 862 353; x_wconf 88' lang='lat' dir='ltr'><strong>ultio·</strong></span> 
     </span>
     <span class='ocr_line' id='line_1_4' title="bbox 46 363 861 432; baseline 0.005 -15"><span class='ocrx_word' id='word_1_24' title='bbox 46 379 109 417; x_wconf 83' lang='lat' dir='ltr'><strong>rem</strong></span> <span class='ocrx_word' id='word_1_25' title='bbox 121 363 243 432; x_wconf 85' lang='lat' dir='ltr'><strong>gradum</strong></span> <span class='ocrx_word' id='word_1_26' title='bbox 255 365 436 430; x_wconf 82' lang='lat' dir='ltr'><strong>adscendent,</strong></span> <span class='ocrx_word' id='word_1_27' title='bbox 452 370 577 421; x_wconf 85' lang='lat' dir='ltr'><strong>restricti</strong></span> <span class='ocrx_word' id='word_1_28' title='bbox 588 372 700 423; x_wconf 90' lang='lat' dir='ltr'><strong>omnino</strong></span> <span class='ocrx_word' id='word_1_29' title='bbox 712 387 773 423; x_wconf 89' lang='lat' dir='ltr'><strong>esse</strong></span> <span class='ocrx_word' id='word_1_30' title='bbox 783 371 861 422; x_wconf 87' lang='lat' dir='ltr'><strong>nullo</strong></span> 
     </span>
     <span class='ocr_line' id='line_1_5' title="bbox 48 433 862 507; baseline 0.011 -24"><span class='ocrx_word' id='word_1_31' title='bbox 48 433 135 490; x_wconf 78' lang='lat' dir='ltr'><strong>modo</strong></span> <span class='ocrx_word' id='word_1_32' title='bbox 148 434 296 487; x_wconf 84' lang='lat' dir='ltr'><strong>debemus:</strong></span> <span class='ocrx_word' id='word_1_33' title='bbox 318 436 411 489; x_wconf 86' lang='lat' dir='ltr'><strong>sedin</strong></span> <span class='ocrx_word' id='word_1_34' title='bbox 427 436 584 507; x_wconf 70' lang='lat' dir='ltr'><strong>deligendis</strong></span> <span class='ocrx_word' id='word_1_35' title='bbox 600 440 709 493; x_wconf 88' lang='lat' dir='ltr'><strong>idoneis</strong></span> <span class='ocrx_word' id='word_1_36' title='bbox 725 440 862 492; x_wconf 77' lang='lat' dir='ltr'><strong>iudicium</strong></span> 
     </span>
     <span class='ocr_line' id='line_1_6' title="bbox 50 503 826 576; baseline 0.006 -20"><span class='ocrx_word' id='word_1_37' title='bbox 50 510 79 556; x_wconf 92' lang='lat' dir='ltr'><strong>et</strong></span> <span class='ocrx_word' id='word_1_38' title='bbox 90 503 273 570; x_wconf 76' lang='lat' dir='ltr'><strong>diligentiam</strong></span> <span class='ocrx_word' id='word_1_39' title='bbox 289 506 431 560; x_wconf 84' lang='lat' dir='ltr'><strong>adhibere.</strong></span> <span class='ocrx_word' id='word_1_40' title='bbox 468 509 539 562; x_wconf 87' lang='lat' dir='ltr'><strong>Nam</strong></span> <span class='ocrx_word' id='word_1_41' title='bbox 550 511 695 576; x_wconf 81' lang='lat' dir='ltr'><strong>praeclare</strong></span> <span class='ocrx_word' id='word_1_42' title='bbox 707 510 826 561; x_wconf 86' lang='lat' dir='ltr'><strong>Ennius:</strong></span> 
     </span>
     <span class='ocr_line' id='line_1_7' title="bbox 83 572 739 650; baseline 0.009 -25"><span class='ocrx_word' id='word_1_43' title='bbox 83 572 248 644; x_wconf 67' lang='lat' dir='ltr'><strong>Beneficia</strong></span> <span class='ocrx_word' id='word_1_44' title='bbox 257 577 328 628; x_wconf 83' lang='lat' dir='ltr'><strong>male</strong></span> <span class='ocrx_word' id='word_1_45' title='bbox 338 577 438 643; x_wconf 67' lang='lat' dir='ltr'><strong>loe-aits,</strong></span> <span class='ocrx_word' id='word_1_46' title='bbox 447 578 598 650; x_wconf 74' lang='lat' dir='ltr'><strong>malesarta</strong></span> <span class='ocrx_word' id='word_1_47' title='bbox 610 579 739 631; x_wconf 65' lang='lat' dir='ltr'><strong>arbitror.</strong></span> 
     </span>
     <span class='ocr_line' id='line_1_8' title="bbox 49 639 864 716; baseline 0.005 -20"><span class='ocrx_word' id='word_1_48' title='bbox 49 639 95 696; x_wconf 78' lang='lat'><strong>63.</strong></span> <span class='ocrx_word' id='word_1_49' title='bbox 109 642 196 703; x_wconf 75' lang='lat' dir='ltr'><strong>Quod</strong></span> <span class='ocrx_word' id='word_1_50' title='bbox 210 651 302 697; x_wconf 88' lang='lat' dir='ltr'><strong>autem</strong></span> <span class='ocrx_word' id='word_1_51' title='bbox 316 647 453 699; x_wconf 89' lang='lat' dir='ltr'><strong>tributum</strong></span> <span class='ocrx_word' id='word_1_52' title='bbox 465 654 508 702; x_wconf 87' lang='lat' dir='ltr'><strong>est</strong></span> <span class='ocrx_word' id='word_1_53' title='bbox 520 650 593 701; x_wconf 87' lang='lat' dir='ltr'><strong>buno</strong></span> <span class='ocrx_word' id='word_1_54' title='bbox 604 649 665 701; x_wconf 77' lang='lat' dir='ltr'><strong>viro</strong></span> <span class='ocrx_word' id='word_1_55' title='bbox 678 654 706 700; x_wconf 90' lang='lat' dir='ltr'><strong>et</strong></span> <span class='ocrx_word' id='word_1_56' title='bbox 720 653 816 716; x_wconf 74' lang='lat' dir='ltr'><strong>grato,</strong></span> <span class='ocrx_word' id='word_1_57' title='bbox 835 650 864 700; x_wconf 87' lang='lat' dir='ltr'><strong>in</strong></span> 
     </span>
     <span class='ocr_line' id='line_1_9' title="bbox 49 714 864 782; baseline 0.007 -17"><span class='ocrx_word' id='word_1_58' title='bbox 49 727 85 765; x_wconf 81' lang='lat' dir='ltr'><strong>ee</strong></span> <span class='ocrx_word' id='word_1_59' title='bbox 102 726 192 779; x_wconf 88' lang='lat' dir='ltr'><strong>quum</strong></span> <span class='ocrx_word' id='word_1_60' title='bbox 207 728 242 766; x_wconf 81' lang='lat' dir='ltr'><strong>ex</strong></span> <span class='ocrx_word' id='word_1_61' title='bbox 258 714 320 782; x_wconf 87' lang='lat' dir='ltr'><strong>ipso</strong></span> <span class='ocrx_word' id='word_1_62' title='bbox 335 715 445 770; x_wconf 84' lang='lat' dir='ltr'><strong>fruetus</strong></span> <span class='ocrx_word' id='word_1_63' title='bbox 462 725 518 780; x_wconf 85' lang='lat' dir='ltr'><strong>est,</strong></span> <span class='ocrx_word' id='word_1_64' title='bbox 539 725 598 768; x_wconf 83' lang='lat' dir='ltr'><strong>tum</strong></span> <span class='ocrx_word' id='word_1_65' title='bbox 610 719 697 770; x_wconf 88' lang='lat' dir='ltr'><strong>etiam</strong></span> <span class='ocrx_word' id='word_1_66' title='bbox 708 733 742 769; x_wconf 84' lang='lat' dir='ltr'><strong>ex</strong></span> <span class='ocrx_word' id='word_1_67' title='bbox 753 719 864 771; x_wconf 84' lang='lat' dir='ltr'><strong>ceteris.</strong></span> 
     </span>
     <span class='ocr_line' id='line_1_10' title="bbox 50 782 864 855; baseline 0.006 -20"><span class='ocrx_word' id='word_1_68' title='bbox 50 782 231 851; x_wconf 79' lang='lat' dir='ltr'><strong>Temeritate</strong></span> <span class='ocrx_word' id='word_1_69' title='bbox 241 786 314 837; x_wconf 89' lang='lat' dir='ltr'><strong>enim</strong></span> <span class='ocrx_word' id='word_1_70' title='bbox 325 793 443 850; x_wconf 87' lang='lat' dir='ltr'><strong>remota,</strong></span> <span class='ocrx_word' id='word_1_71' title='bbox 463 788 626 855; x_wconf 82' lang='lat' dir='ltr'><strong>gratissima</strong></span> <span class='ocrx_word' id='word_1_72' title='bbox 637 794 681 840; x_wconf 92' lang='lat' dir='ltr'><strong>est</strong></span> <span class='ocrx_word' id='word_1_73' title='bbox 692 787 864 840; x_wconf 73' lang='lat' dir='ltr'><strong>liberalitasa</strong></span> 
     </span>
     <span class='ocr_line' id='line_1_11' title="bbox 38 855 865 925; baseline 0.002 -19"><span class='ocrx_word' id='word_1_74' title='bbox 38 866 147 918; x_wconf 69' lang='lat' dir='ltr'><strong>‚eoque</strong></span> <span class='ocrx_word' id='word_1_75' title='bbox 159 867 222 903; x_wconf 87' lang='lat' dir='ltr'><strong>eam</strong></span> <span class='ocrx_word' id='word_1_76' title='bbox 233 855 387 907; x_wconf 87' lang='lat' dir='ltr'><strong>studiosius</strong></span> <span class='ocrx_word' id='word_1_77' title='bbox 398 857 525 925; x_wconf 80' lang='lat' dir='ltr'><strong>plerique</strong></span> <span class='ocrx_word' id='word_1_78' title='bbox 535 855 662 920; x_wconf 86' lang='lat' dir='ltr'><strong>laudant,</strong></span> <span class='ocrx_word' id='word_1_79' title='bbox 677 857 752 924; x_wconf 87' lang='lat' dir='ltr'><strong>quod</strong></span> <span class='ocrx_word' id='word_1_80' title='bbox 763 857 865 908; x_wconf 86' lang='lat' dir='ltr'><strong>summi</strong></span> 
     </span>
     <span class='ocr_line' id='line_1_12' title="bbox 48 918 867 994; baseline 0.007 -20"><span class='ocrx_word' id='word_1_81' title='bbox 48 918 191 988; x_wconf 69' lang='lat' dir='ltr'><strong>euiusque</strong></span> <span class='ocrx_word' id='word_1_82' title='bbox 204 922 317 975; x_wconf 90' lang='lat' dir='ltr'><strong>bonitas</strong></span> <span class='ocrx_word' id='word_1_83' title='bbox 331 940 476 979; x_wconf 73' lang='lat' dir='ltr'><strong>commune</strong></span> <span class='ocrx_word' id='word_1_84' title='bbox 497 924 656 994; x_wconf 77' lang='lat' dir='ltr'><strong>perfugium</strong></span> <span class='ocrx_word' id='word_1_85' title='bbox 673 933 717 979; x_wconf 89' lang='lat' dir='ltr'><strong>est</strong></span> <span class='ocrx_word' id='word_1_86' title='bbox 733 926 867 980; x_wconf 65' lang='lat' dir='ltr'><strong>omnium·</strong></span> 
     </span>
     <span class='ocr_line' id='line_1_13' title="bbox 48 990 865 1063; baseline 0.002 -20"><span class='ocrx_word' id='word_1_87' title='bbox 48 990 155 1043; x_wconf 85' lang='lat' dir='ltr'><strong>Danda</strong></span> <span class='ocrx_word' id='word_1_88' title='bbox 166 991 255 1057; x_wconf 86' lang='lat' dir='ltr'><strong>igitur</strong></span> <span class='ocrx_word' id='word_1_89' title='bbox 266 1009 353 1062; x_wconf 89' lang='lat' dir='ltr'><strong>opera</strong></span> <span class='ocrx_word' id='word_1_90' title='bbox 363 1001 419 1059; x_wconf 87' lang='lat' dir='ltr'><strong>est,</strong></span> <span class='ocrx_word' id='word_1_91' title='bbox 434 994 520 1049; x_wconf 86' lang='lat' dir='ltr'><strong>uthis</strong></span> <span class='ocrx_word' id='word_1_92' title='bbox 533 995 675 1048; x_wconf 84' lang='lat' dir='ltr'><strong>beneficiis</strong></span> <span class='ocrx_word' id='word_1_93' title='bbox 686 1011 768 1063; x_wconf 89' lang='lat' dir='ltr'><strong>quam</strong></span> <span class='ocrx_word' id='word_1_94' title='bbox 779 996 865 1063; x_wconf 84' lang='lat' dir='ltr'><strong>pluni-</strong></span> 
     </span>
     <span class='ocr_line' id='line_1_14' title="bbox 49 1060 865 1134; baseline 0.007 -23"><span class='ocrx_word' id='word_1_95' title='bbox 49 1075 113 1112; x_wconf 80' lang='lat' dir='ltr'><strong>nros</strong></span> <span class='ocrx_word' id='word_1_96' title='bbox 125 1060 291 1126; x_wconf 84' lang='lat' dir='ltr'><strong>afficiamus,</strong></span> <span class='ocrx_word' id='word_1_97' title='bbox 306 1080 424 1134; x_wconf 87' lang='lat' dir='ltr'><strong>quorum</strong></span> <span class='ocrx_word' id='word_1_98' title='bbox 435 1065 573 1119; x_wconf 83' lang='lat' dir='ltr'><strong>memoria</strong></span> <span class='ocrx_word' id='word_1_99' title='bbox 582 1065 678 1120; x_wconf 86' lang='lat' dir='ltr'><strong>liberis</strong></span> <span class='ocrx_word' id='word_1_100' title='bbox 687 1067 865 1133; x_wconf 72' lang='lat' dir='ltr'><strong>posterisque</strong></span> 
     </span>
     <span class='ocr_line' id='line_1_15' title="bbox 49 1131 864 1202; baseline 0.006 -21"><span class='ocrx_word' id='word_1_101' title='bbox 49 1131 202 1197; x_wconf 86' lang='lat' dir='ltr'><strong>prodatur,</strong></span> <span class='ocrx_word' id='word_1_102' title='bbox 223 1140 255 1185; x_wconf 90' lang='lat' dir='ltr'><strong>ut</strong></span> <span class='ocrx_word' id='word_1_103' title='bbox 276 1131 313 1185; x_wconf 82' lang='lat' dir='ltr'><strong>iis</strong></span> <span class='ocrx_word' id='word_1_104' title='bbox 333 1135 453 1202; x_wconf 83' lang='lat' dir='ltr'><strong>ingratis</strong></span> <span class='ocrx_word' id='word_1_105' title='bbox 473 1151 535 1189; x_wconf 89' lang='lat' dir='ltr'><strong>esse</strong></span> <span class='ocrx_word' id='word_1_106' title='bbox 555 1137 723 1189; x_wconf 81' lang='lat' dir='ltr'><strong>nonliceat.</strong></span> <span class='ocrx_word' id='word_1_107' title='bbox 761 1137 864 1188; x_wconf 85' lang='lat' dir='ltr'><strong>Omnes</strong></span> 
     </span>
     <span class='ocr_line' id='line_1_16' title="bbox 50 1200 864 1273; baseline 0.005 -20"><span class='ocrx_word' id='word_1_108' title='bbox 50 1200 128 1253; x_wconf 83' lang='lat' dir='ltr'><strong>enirn</strong></span> <span class='ocrx_word' id='word_1_109' title='bbox 148 1202 340 1256; x_wconf 85' lang='lat' dir='ltr'><strong>immemorem</strong></span> <span class='ocrx_word' id='word_1_110' title='bbox 355 1204 483 1256; x_wconf 79' lang='lat' dir='ltr'><strong>beneficii</strong></span> <span class='ocrx_word' id='word_1_111' title='bbox 501 1204 635 1270; x_wconf 89' lang='lat' dir='ltr'><strong>oderunt;</strong></span> <span class='ocrx_word' id='word_1_112' title='bbox 656 1221 773 1273; x_wconf 88' lang='lat' dir='ltr'><strong>eamque</strong></span> <span class='ocrx_word' id='word_1_113' title='bbox 793 1206 864 1257; x_wconf 85' lang='lat' dir='ltr'><strong>iniu-</strong></span> 
     </span>
     <span class='ocr_line' id='line_1_17' title="bbox 49 1270 865 1338; baseline 0.005 -17"><span class='ocrx_word' id='word_1_114' title='bbox 49 1270 124 1322; x_wconf 83' lang='lat' dir='ltr'><strong>riam</strong></span> <span class='ocrx_word' id='word_1_115' title='bbox 136 1270 167 1321; x_wconf 87' lang='lat' dir='ltr'><strong>in</strong></span> <span class='ocrx_word' id='word_1_116' title='bbox 180 1271 348 1324; x_wconf 67' lang='lat' dir='ltr'><strong>deterrenda</strong></span> <span class='ocrx_word' id='word_1_117' title='bbox 358 1273 531 1326; x_wconf 79' lang='lat' dir='ltr'><strong>liberalitate</strong></span> <span class='ocrx_word' id='word_1_118' title='bbox 541 1274 597 1325; x_wconf 90' lang='lat' dir='ltr'><strong>sibi</strong></span> <span class='ocrx_word' id='word_1_119' title='bbox 606 1276 692 1326; x_wconf 87' lang='lat' dir='ltr'><strong>etiam</strong></span> <span class='ocrx_word' id='word_1_120' title='bbox 703 1276 774 1338; x_wconf 81' lang='lat' dir='ltr'><strong>fieri,</strong></span> <span class='ocrx_word' id='word_1_121' title='bbox 790 1289 865 1326; x_wconf 86' lang='lat' dir='ltr'><strong>eum·</strong></span> 
     </span>
     <span class='ocr_line' id='line_1_18' title="bbox 49 1339 864 1412; baseline 0.002 -20"><span class='ocrx_word' id='word_1_122' title='bbox 49 1355 122 1407; x_wconf 88' lang='lat' dir='ltr'><strong>que,</strong></span> <span class='ocrx_word' id='word_1_123' title='bbox 144 1341 195 1407; x_wconf 93' lang='lat' dir='ltr'><strong>qui</strong></span> <span class='ocrx_word' id='word_1_124' title='bbox 211 1339 312 1404; x_wconf 83' lang='lat' dir='ltr'><strong>faeiat,</strong></span> <span class='ocrx_word' id='word_1_125' title='bbox 332 1357 505 1396; x_wconf 76' lang='lat' dir='ltr'><strong>communem</strong></span> <span class='ocrx_word' id='word_1_126' title='bbox 518 1341 630 1396; x_wconf 86' lang='lat' dir='ltr'><strong>hostem</strong></span> <span class='ocrx_word' id='word_1_127' title='bbox 647 1344 804 1396; x_wconf 88' lang='lat' dir='ltr'><strong>tenuiorum</strong></span> <span class='ocrx_word' id='word_1_128' title='bbox 814 1358 864 1412; x_wconf 90' lang='lat' dir='ltr'><strong>pu·</strong></span> 
     </span>
     <span class='ocr_line' id='line_1_19' title="bbox 49 1409 865 1481; baseline 0.001 -19"><span class='ocrx_word' id='word_1_129' title='bbox 49 1415 130 1462; x_wconf 81' lang='lat' dir='ltr'><strong>tant..</strong></span> <span class='ocrx_word' id='word_1_130' title='bbox 145 1412 244 1478; x_wconf 65' lang='lat' dir='ltr'><strong>Atque</strong></span> <span class='ocrx_word' id='word_1_131' title='bbox 256 1409 326 1463; x_wconf 84' lang='lat' dir='ltr'><strong>baec</strong></span> <span class='ocrx_word' id='word_1_132' title='bbox 334 1411 493 1479; x_wconf 83' lang='lat' dir='ltr'><strong>benignitas</strong></span> <span class='ocrx_word' id='word_1_133' title='bbox 503 1413 589 1464; x_wconf 89' lang='lat' dir='ltr'><strong>etiam</strong></span> <span class='ocrx_word' id='word_1_134' title='bbox 600 1412 773 1481; x_wconf 84' lang='lat' dir='ltr'><strong>reipublicae</strong></span> <span class='ocrx_word' id='word_1_135' title='bbox 784 1412 865 1463; x_wconf 88' lang='lat' dir='ltr'><strong>utilis</strong></span> 
     </span>
     <span class='ocr_line' id='line_1_20' title="bbox 40 1479 865 1551; baseline -0.001 -17"><span class='ocrx_word' id='word_1_136' title='bbox 40 1479 219 1543; x_wconf 64' lang='lat' dir='ltr'><strong>osanedmi</strong></span> <span class='ocrx_word' id='word_1_137' title='bbox 230 1496 245 1532; x_wconf 91' lang='lat' dir='ltr'><strong>e</strong></span> <span class='ocrx_word' id='word_1_138' title='bbox 255 1481 393 1535; x_wconf 74' lang='lat' dir='ltr'><strong>servitute</strong></span> <span class='ocrx_word' id='word_1_139' title='bbox 404 1489 512 1550; x_wconf 79' lang='lat' dir='ltr'><strong>captos,</strong></span> <span class='ocrx_word' id='word_1_140' title='bbox 528 1482 697 1551; x_wconf 85' lang='lat' dir='ltr'><strong>locupletari</strong></span> <span class='ocrx_word' id='word_1_141' title='bbox 709 1483 865 1535; x_wconf 73' lang='lat' dir='ltr'><strong>tenuiorese</strong></span> 
     </span>
     <span class='ocr_line' id='line_1_21' title="bbox 51 1548 866 1619; baseline 0.002 -18"><span class='ocrx_word' id='word_1_142' title='bbox 51 1549 131 1618; x_wconf 87' lang='lat' dir='ltr'><strong>quod</strong></span> <span class='ocrx_word' id='word_1_143' title='bbox 143 1548 257 1616; x_wconf 84' lang='lat' dir='ltr'><strong>quidem</strong></span> <span class='ocrx_word' id='word_1_144' title='bbox 268 1551 353 1619; x_wconf 79' lang='lat' dir='ltr'><strong>vulgo</strong></span> <span class='ocrx_word' id='word_1_145' title='bbox 365 1553 480 1604; x_wconf 85' lang='lat' dir='ltr'><strong>solitum</strong></span> <span class='ocrx_word' id='word_1_146' title='bbox 492 1553 553 1605; x_wconf 81' lang='lat' dir='ltr'><strong>lieri</strong></span> <span class='ocrx_word' id='word_1_147' title='bbox 565 1555 600 1605; x_wconf 89' lang='lat' dir='ltr'><strong>ab</strong></span> <span class='ocrx_word' id='word_1_148' title='bbox 617 1553 716 1605; x_wconf 88' lang='lat' dir='ltr'><strong>ordine</strong></span> <span class='ocrx_word' id='word_1_149' title='bbox 727 1560 825 1603; x_wconf 83' lang='lat' dir='ltr'><strong>nostro</strong></span> <span class='ocrx_word' id='word_1_150' title='bbox 835 1553 866 1603; x_wconf 88' lang='lat' dir='ltr'><strong>iu</strong></span> 
     </span>
     <span class='ocr_line' id='line_1_22' title="bbox 50 1620 866 1689; baseline 0 -17"><span class='ocrx_word' id='word_1_151' title='bbox 50 1620 185 1673; x_wconf 84' lang='lat' dir='ltr'><strong>oratione</strong></span> <span class='ocrx_word' id='word_1_152' title='bbox 204 1620 300 1675; x_wconf 70' lang='lat' dir='ltr'><strong>urard</strong></span> <span class='ocrx_word' id='word_1_153' title='bbox 319 1623 455 1688; x_wconf 85' lang='lat' dir='ltr'><strong>seriptum</strong></span> <span class='ocrx_word' id='word_1_154' title='bbox 476 1622 592 1689; x_wconf 79' lang='lat' dir='ltr'><strong>copiose</strong></span> <span class='ocrx_word' id='word_1_155' title='bbox 611 1622 748 1675; x_wconf 72' lang='lat' dir='ltr'><strong>uidemus.</strong></span> <span class='ocrx_word' id='word_1_156' title='bbox 783 1621 866 1673; x_wconf 80' lang='lat' dir='ltr'><strong>liano</strong></span> 
     </span>
     <span class='ocr_line' id='line_1_23' title="bbox 50 1690 866 1760; baseline 0.001 -18"><span class='ocrx_word' id='word_1_157' title='bbox 50 1704 123 1757; x_wconf 85' lang='lat' dir='ltr'><strong>ergo</strong></span> <span class='ocrx_word' id='word_1_158' title='bbox 143 1690 373 1743; x_wconf 84' lang='lat' dir='ltr'><strong>consuetudinem</strong></span> <span class='ocrx_word' id='word_1_159' title='bbox 398 1692 584 1758; x_wconf 83' lang='lat' dir='ltr'><strong>benignitatis</strong></span> <span class='ocrx_word' id='word_1_160' title='bbox 606 1691 751 1760; x_wconf 85' lang='lat' dir='ltr'><strong>largitioni</strong></span> <span class='ocrx_word' id='word_1_161' title='bbox 772 1706 866 1744; x_wconf 89' lang='lat' dir='ltr'><strong>mune·</strong></span> 
     </span>
     <span class='ocr_line' id='line_1_24' title="bbox 49 1758 865 1829; baseline 0 -18"><span class='ocrx_word' id='word_1_162' title='bbox 49 1774 117 1811; x_wconf 84' lang='lat' dir='ltr'><strong>rum</strong></span> <span class='ocrx_word' id='word_1_163' title='bbox 137 1758 223 1828; x_wconf 83' lang='lat' dir='ltr'><strong>longe</strong></span> <span class='ocrx_word' id='word_1_164' title='bbox 244 1766 393 1828; x_wconf 87' lang='lat' dir='ltr'><strong>antepono.</strong></span> <span class='ocrx_word' id='word_1_165' title='bbox 428 1762 510 1813; x_wconf 82' lang='lat' dir='ltr'><strong>Haec</strong></span> <span class='ocrx_word' id='word_1_166' title='bbox 525 1767 568 1814; x_wconf 86' lang='lat' dir='ltr'><strong>est</strong></span> <span class='ocrx_word' id='word_1_167' title='bbox 583 1765 709 1829; x_wconf 87' lang='lat' dir='ltr'><strong>gravium</strong></span> <span class='ocrx_word' id='word_1_168' title='bbox 721 1760 865 1813; x_wconf 86' lang='lat' dir='ltr'><strong>bominum</strong></span> 
     </span>
     <span class='ocr_line' id='line_1_25' title="bbox 50 1830 866 1899; baseline 0.002 -19"><span class='ocrx_word' id='word_1_169' title='bbox 50 1836 140 1896; x_wconf 87' lang='lat' dir='ltr'><strong>atque</strong></span> <span class='ocrx_word' id='word_1_170' title='bbox 158 1842 338 1897; x_wconf 81' lang='lat' dir='ltr'><strong>magnorum:</strong></span> <span class='ocrx_word' id='word_1_171' title='bbox 360 1830 412 1882; x_wconf 90' lang='lat' dir='ltr'><strong>illa</strong></span> <span class='ocrx_word' id='word_1_172' title='bbox 430 1831 511 1899; x_wconf 85' lang='lat' dir='ltr'><strong>quasi</strong></span> <span class='ocrx_word' id='word_1_173' title='bbox 531 1837 736 1884; x_wconf 78' lang='lat' dir='ltr'><strong>assentatorum</strong></span> <span class='ocrx_word' id='word_1_174' title='bbox 757 1832 866 1898; x_wconf 85' lang='lat' dir='ltr'><strong>populi,</strong></span> 
     </span>
     <span class='ocr_line' id='line_1_26' title="bbox 51 1898 865 1969; baseline 0.004 -18"><span class='ocrx_word' id='word_1_175' title='bbox 51 1898 245 1953; x_wconf 81' lang='lat' dir='ltr'><strong>multitudinis</strong></span> <span class='ocrx_word' id='word_1_176' title='bbox 265 1899 412 1953; x_wconf 83' lang='lat' dir='ltr'><strong>levitatem</strong></span> <span class='ocrx_word' id='word_1_177' title='bbox 427 1900 573 1968; x_wconf 84' lang='lat' dir='ltr'><strong>voluptate</strong></span> <span class='ocrx_word' id='word_1_178' title='bbox 585 1902 664 1969; x_wconf 84' lang='lat' dir='ltr'><strong>quasi</strong></span> <span class='ocrx_word' id='word_1_179' title='bbox 679 1902 865 1954; x_wconf 87' lang='lat' dir='ltr'><strong>titillantium.</strong></span> 
     </span>
     <span class='ocr_line' id='line_1_27' title="bbox 46 1969 865 2040; baseline 0.004 -18"><span class='ocrx_word' id='word_1_180' title='bbox 46 1969 99 2027; x_wconf 69' lang='grc'><strong>-64,</strong></span> <span class='ocrx_word' id='word_1_181' title='bbox 115 1970 270 2023; x_wconf 79' lang='lat' dir='ltr'><strong>Conveniet</strong></span> <span class='ocrx_word' id='word_1_182' title='bbox 286 1976 393 2033; x_wconf 89' lang='lat' dir='ltr'><strong>autem,</strong></span> <span class='ocrx_word' id='word_1_183' title='bbox 414 1985 497 2040; x_wconf 88' lang='lat' dir='ltr'><strong>quum</strong></span> <span class='ocrx_word' id='word_1_184' title='bbox 508 1971 537 2023; x_wconf 92' lang='lat' dir='ltr'><strong>in</strong></span> <span class='ocrx_word' id='word_1_185' title='bbox 549 1971 641 2024; x_wconf 88' lang='lat' dir='ltr'><strong>dando</strong></span> <span class='ocrx_word' id='word_1_186' title='bbox 653 1973 811 2024; x_wconf 77' lang='lat' dir='ltr'><strong>munificum</strong></span> <span class='ocrx_word' id='word_1_187' title='bbox 823 1987 865 2024; x_wconf 87' lang='lat' dir='ltr'><strong>es·</strong></span> 
     </span>
     <span class='ocr_line' id='line_1_28' title="bbox 51 2039 865 2110; baseline 0.002 -19"><span class='ocrx_word' id='word_1_188' title='bbox 51 2054 94 2101; x_wconf 90' lang='lat' dir='ltr'><strong>se,</strong></span> <span class='ocrx_word' id='word_1_189' title='bbox 105 2043 167 2093; x_wconf 85' lang='lat' dir='ltr'><strong>tum</strong></span> <span class='ocrx_word' id='word_1_190' title='bbox 178 2040 208 2093; x_wconf 90' lang='lat' dir='ltr'><strong>in</strong></span> <span class='ocrx_word' id='word_1_191' title='bbox 219 2039 567 2107; x_wconf 75' lang='lat' dir='ltr'><strong>exigendononaeenbumz</strong></span> <span class='ocrx_word' id='word_1_192' title='bbox 579 2043 608 2092; x_wconf 92' lang='lat' dir='ltr'><strong>in</strong></span> <span class='ocrx_word' id='word_1_193' title='bbox 618 2043 748 2110; x_wconf 88' lang='lat' dir='ltr'><strong>omnique</strong></span> <span class='ocrx_word' id='word_1_194' title='bbox 760 2059 790 2095; x_wconf 87' lang='lat' dir='ltr'><strong>re</strong></span> <span class='ocrx_word' id='word_1_195' title='bbox 802 2057 865 2093; x_wconf 87' lang='lat' dir='ltr'><strong>eon·</strong></span> 
     </span>
     <span class='ocr_line' id='line_1_29' title="bbox 51 2108 865 2175; baseline 0.002 -15"><span class='ocrx_word' id='word_1_196' title='bbox 51 2108 204 2170; x_wconf 85' lang='lat' dir='ltr'><strong>trahenda,</strong></span> <span class='ocrx_word' id='word_1_197' title='bbox 218 2109 372 2172; x_wconf 80' lang='lat' dir='ltr'><strong>vendendo,</strong></span> <span class='ocrx_word' id='word_1_198' title='bbox 383 2109 510 2175; x_wconf 89' lang='lat' dir='ltr'><strong>emendo,</strong></span> <span class='ocrx_word' id='word_1_199' title='bbox 522 2111 712 2174; x_wconf 82' lang='lat' dir='ltr'><strong>conducendo,</strong></span> <span class='ocrx_word' id='word_1_200' title='bbox 729 2111 865 2174; x_wconf 81' lang='lat' dir='ltr'><strong>locand03</strong></span> 
     </span>
     <span class='ocr_line' id='line_1_30' title="bbox 52 2178 866 2248; baseline 0.004 -19"><span class='ocrx_word' id='word_1_201' title='bbox 52 2178 252 2236; x_wconf 63' lang='lat' dir='ltr'><strong>vicinitatibus</strong></span> <span class='ocrx_word' id='word_1_202' title='bbox 267 2186 297 2232; x_wconf 88' lang='lat' dir='ltr'><strong>et</strong></span> <span class='ocrx_word' id='word_1_203' title='bbox 312 2180 439 2232; x_wconf 78' lang='lat' dir='ltr'><strong>confiniis</strong></span> <span class='ocrx_word' id='word_1_204' title='bbox 455 2194 573 2248; x_wconf 83' lang='lat' dir='ltr'><strong>aequum</strong></span> <span class='ocrx_word' id='word_1_205' title='bbox 584 2187 612 2233; x_wconf 90' lang='lat' dir='ltr'><strong>et</strong></span> <span class='ocrx_word' id='word_1_206' title='bbox 626 2180 754 2248; x_wconf 84' lang='lat' dir='ltr'><strong>facilem3</strong></span> <span class='ocrx_word' id='word_1_207' title='bbox 775 2181 866 2233; x_wconf 87' lang='lat' dir='ltr'><strong>multa</strong></span> 
     </span>
     <span class='ocr_line' id='line_1_31' title="bbox 52 2248 866 2318; baseline 0.001 -19"><span class='ocrx_word' id='word_1_208' title='bbox 52 2248 197 2303; x_wconf 86' lang='lat' dir='ltr'><strong>multisde</strong></span> <span class='ocrx_word' id='word_1_209' title='bbox 213 2249 273 2301; x_wconf 87' lang='lat' dir='ltr'><strong>iure</strong></span> <span class='ocrx_word' id='word_1_210' title='bbox 287 2265 339 2302; x_wconf 85' lang='lat' dir='ltr'><strong>suo</strong></span> <span class='ocrx_word' id='word_1_211' title='bbox 350 2248 510 2313; x_wconf 68' lang='lat' dir='ltr'><strong>cedentem</strong></span> <span class='ocrx_word' id='word_1_212' title='bbox 532 2265 549 2301; x_wconf 85' lang='lat' dir='ltr'><strong>a</strong></span> <span class='ocrx_word' id='word_1_213' title='bbox 565 2249 661 2302; x_wconf 87' lang='lat' dir='ltr'><strong>litibus</strong></span> <span class='ocrx_word' id='word_1_214' title='bbox 677 2266 759 2314; x_wconf 71' lang='lat' dir='ltr'><strong>vero,</strong></span> <span class='ocrx_word' id='word_1_215' title='bbox 780 2265 866 2318; x_wconf 91' lang='lat' dir='ltr'><strong>quan·</strong></span> 
     </span>
     <span class='ocr_line' id='line_1_32' title="bbox 53 2317 867 2388; baseline 0 -20"><span class='ocrx_word' id='word_1_216' title='bbox 53 2323 115 2371; x_wconf 86' lang='lat' dir='ltr'><strong>tum</strong></span> <span class='ocrx_word' id='word_1_217' title='bbox 126 2318 226 2382; x_wconf 86' lang='lat' dir='ltr'><strong>liceat,</strong></span> <span class='ocrx_word' id='word_1_218' title='bbox 247 2326 275 2372; x_wconf 86' lang='lat' dir='ltr'><strong>et</strong></span> <span class='ocrx_word' id='word_1_219' title='bbox 285 2320 380 2372; x_wconf 82' lang='lat' dir='ltr'><strong>neseio</strong></span> <span class='ocrx_word' id='word_1_220' title='bbox 391 2334 427 2371; x_wconf 84' lang='lat' dir='ltr'><strong>an</strong></span> <span class='ocrx_word' id='word_1_221' title='bbox 436 2320 533 2388; x_wconf 89' lang='lat' dir='ltr'><strong>paullo</strong></span> <span class='ocrx_word' id='word_1_222' title='bbox 543 2319 607 2386; x_wconf 88' lang='lat' dir='ltr'><strong>plus</strong></span> <span class='ocrx_word' id='word_1_223' title='bbox 618 2321 718 2383; x_wconf 82' lang='lat' dir='ltr'><strong>etiarn,</strong></span> <span class='ocrx_word' id='word_1_224' title='bbox 740 2335 822 2386; x_wconf 89' lang='lat' dir='ltr'><strong>quam</strong></span> <span class='ocrx_word' id='word_1_225' title='bbox 833 2317 867 2369; x_wconf 92' lang='lat' dir='ltr'><strong>li·</strong></span> 
     </span>
     <span class='ocr_line' id='line_1_33' title="bbox 51 2387 865 2450; baseline -0.002 -10"><span class='ocrx_word' id='word_1_226' title='bbox 51 2393 127 2450; x_wconf 82' lang='lat' dir='ltr'><strong>oeat,</strong></span> <span class='ocrx_word' id='word_1_227' title='bbox 151 2387 356 2444; x_wconf 84' lang='lat' dir='ltr'><strong>abhorrentem.</strong></span> <span class='ocrx_word' id='word_1_228' title='bbox 378 2390 446 2441; x_wconf 82' lang='lat' dir='ltr'><strong>-Est</strong></span> <span class='ocrx_word' id='word_1_229' title='bbox 467 2389 540 2442; x_wconf 88' lang='lat' dir='ltr'><strong>enim</strong></span> <span class='ocrx_word' id='word_1_230' title='bbox 561 2405 616 2442; x_wconf 93' lang='lat' dir='ltr'><strong>non</strong></span> <span class='ocrx_word' id='word_1_231' title='bbox 634 2389 718 2445; x_wconf 87' lang='lat' dir='ltr'><strong>modo</strong></span> <span class='ocrx_word' id='word_1_232' title='bbox 739 2387 865 2447; x_wconf 85' lang='lat' dir='ltr'><strong>liberale,</strong></span> 
     </span>
     <span class='ocr_line' id='line_1_34' title="bbox 51 2455 865 2527; baseline -0.004 -19"><span class='ocrx_word' id='word_1_233' title='bbox 51 2457 181 2525; x_wconf 78' lang='lat' dir='ltr'><strong>paullum</strong></span> <span class='ocrx_word' id='word_1_234' title='bbox 191 2472 397 2527; x_wconf 88' lang='lat' dir='ltr'><strong>nonnumquam</strong></span> <span class='ocrx_word' id='word_1_235' title='bbox 409 2459 444 2512; x_wconf 91' lang='lat' dir='ltr'><strong>de</strong></span> <span class='ocrx_word' id='word_1_236' title='bbox 455 2475 506 2511; x_wconf 87' lang='lat' dir='ltr'><strong>suo</strong></span> <span class='ocrx_word' id='word_1_237' title='bbox 524 2461 585 2511; x_wconf 85' lang='lat' dir='ltr'><strong>iure</strong></span> <span class='ocrx_word' id='word_1_238' title='bbox 597 2459 743 2519; x_wconf 81' lang='lat' dir='ltr'><strong>decedere,</strong></span> <span class='ocrx_word' id='word_1_239' title='bbox 764 2456 815 2507; x_wconf 89' lang='lat' dir='ltr'><strong>sed</strong></span> <span class='ocrx_word' id='word_1_240' title='bbox 824 2455 865 2505; x_wconf 85' lang='lat' dir='ltr'><strong>in·</strong></span> 
     </span>
     <span class='ocr_line' id='line_1_35' title="bbox 53 2527 865 2591; baseline -0.006 -13"><span class='ocrx_word' id='word_1_241' title='bbox 53 2527 170 2591; x_wconf 78' lang='lat' dir='ltr'><strong>tendum</strong></span> <span class='ocrx_word' id='word_1_242' title='bbox 180 2528 265 2580; x_wconf 84' lang='lat' dir='ltr'><strong>etium</strong></span> <span class='ocrx_word' id='word_1_243' title='bbox 276 2528 459 2582; x_wconf 80' lang='lat' dir='ltr'><strong>fructuosum.</strong></span> <span class='ocrx_word' id='word_1_244' title='bbox 482 2529 622 2590; x_wconf 86' lang='lat' dir='ltr'><strong>Habenda</strong></span> <span class='ocrx_word' id='word_1_245' title='bbox 631 2533 725 2578; x_wconf 88' lang='lat' dir='ltr'><strong>autem</strong></span> <span class='ocrx_word' id='word_1_246' title='bbox 737 2530 781 2576; x_wconf 91' lang='lat' dir='ltr'><strong>est</strong></span> <span class='ocrx_word' id='word_1_247' title='bbox 790 2530 865 2574; x_wconf 75' lang='lat' dir='ltr'><strong>ratio</strong></span> 
     </span>
     <span class='ocr_line' id='line_1_36' title="bbox 13 2584 885 2675; baseline -0.003 -28"><span class='ocrx_word' id='word_1_248' title='bbox 13 2584 97 2657; x_wconf 46' lang='grc' dir='ltr'><strong>’ἕξεί</strong></span> <span class='ocrx_word' id='word_1_249' title='bbox 111 2595 278 2662; x_wconf 80' lang='lat' dir='ltr'><strong>familiaris3</strong></span> <span class='ocrx_word' id='word_1_250' title='bbox 299 2615 381 2667; x_wconf 87' lang='lat' dir='ltr'><strong>quam</strong></span> <span class='ocrx_word' id='word_1_251' title='bbox 393 2599 504 2667; x_wconf 89' lang='lat' dir='ltr'><strong>quidem</strong></span> <span class='ocrx_word' id='word_1_252' title='bbox 518 2598 607 2650; x_wconf 89' lang='lat' dir='ltr'><strong>dilabi</strong></span> <span class='ocrx_word' id='word_1_253' title='bbox 622 2596 726 2675; x_wconf 62' lang='lat' dir='ltr'><strong>sinape,</strong></span> <span class='ocrx_word' id='word_1_254' title='bbox 746 2590 867 2671; x_wconf 75' lang='lat' dir='ltr'><strong>flagitio·</strong></span> <span class='ocrx_word' id='word_1_255' title='bbox 884 2626 885 2629; x_wconf 60' lang='lat'><em>=</em></span> 
     </span>
    </p>

    <p class='ocr_par' dir='ltr' id='par_1_3' title="bbox 54 2660 867 2725">
     <span class='ocr_line' id='line_1_37' title="bbox 54 2660 867 2725; baseline -0.012 -7"><span class='ocrx_word' id='word_1_256' title='bbox 54 2682 115 2719; x_wconf 85' lang='lat' dir='ltr'><strong>sum</strong></span> <span class='ocrx_word' id='word_1_257' title='bbox 129 2673 186 2721; x_wconf 81' lang='lat' dir='ltr'><strong>est:</strong></span> <span class='ocrx_word' id='word_1_258' title='bbox 208 2667 260 2722; x_wconf 86' lang='lat' dir='ltr'><strong>sed</strong></span> <span class='ocrx_word' id='word_1_259' title='bbox 269 2669 320 2724; x_wconf 75' lang='lat' dir='ltr'><strong>ita.</strong></span> <span class='ocrx_word' id='word_1_260' title='bbox 333 2677 365 2721; x_wconf 92' lang='lat' dir='ltr'><strong>ut</strong></span> <span class='ocrx_word' id='word_1_261' title='bbox 376 2667 581 2722; x_wconf 84' lang='lat' dir='ltr'><strong>illiberalitatis</strong></span> <span class='ocrx_word' id='word_1_262' title='bbox 592 2669 783 2725; x_wconf 76' lang='lat' dir='ltr'><strong>avaritiaeque</strong></span> <span class='ocrx_word' id='word_1_263' title='bbox 792 2660 867 2711; x_wconf 80' lang='lat' dir='ltr'><strong>abent</strong></span> 
     </span>
    </p>
   </div>
   <div class='ocr_carea' id='block_1_3' title="bbox 0 0 1050 3025">
    <p class='ocr_par' dir='ltr' id='par_1_4' title="bbox 0 0 1050 3025">
     <span class='ocr_line' id='line_1_38' title="bbox 0 0 1050 3025; baseline 0 0"><span class='ocrx_word' id='word_1_264' title='bbox 0 0 1050 3025; x_wconf 95' lang='lat' dir='ltr'><strong> </strong></span> 
     </span>
    </p>
   </div>
  </div>
 </body>
</html>
