2084 3025
182 147 253 205 180,
400 151 456 203 DE
474 148 762 203 DivinnTloNE

182 254 277 306 lnetus
288 252 423 319 adspexit,
435 255 512 305 cuius
522 255 551 305 in
562 254 628 306 iuba
637 268 754 306 examen
766 263 847 321 apum
860 254 990 307 consede·
1038 281 1040 284 ⁴

182 329 236 375 rat.
273 323 353 384 Qurrd
366 329 506 374 ostentum
517 322 614 374 habuit
627 323 777 386 hancrim,
796 329 827 373 ut
836 323 991 390 Dionysius

183 392 280 460 paucis
300 398 365 457 post
380 393 477 443 diebus
496 408 615 460 regnare
630 394 763 459 coeperit.
798 392 927 444 XXXlV.
947 394 991 446 74.

186 461 275 522 Quint
295 461 532 524 Lacedaemoniis,
546 463 641 529 paullo
653 469 717 514 ante
728 460 906 514 Leuctricam
919 463 993 514 cala·

81 554 86 565 ¹
181 532 322 593 mitatem,
333 546 405 597 quae
415 530 584 597 significatio
596 531 674 583 facta
684 537 736 594 est,
743 547 833 598 quum
843 531 873 581 in
885 533 993 583 llercu·

185 600 222 651 lis
240 598 307 652 fano
327 615 408 652 arma
426 608 591 664 sonuerunt,
612 600 796 667 Herculisque
813 601 993 653 simulacrum

184 669 274 723 muho
291 669 393 722 sudore
406 671 547 723 manau-itt
574 674 610 723 At
625 671 722 724 eodem
735 676 861 736 ternpore
878 668 993 732 Thebis,

172 745 217 793 ·ut
229 741 270 791 uit
280 738 480 802 Callisthenes,
490 741 519 791 in
530 741 634 807 templo
646 740 778 792 Herculis
793 739 900 800 valvae,
917 739 992 791 elau·

151 813 158 823 '
186 824 235 862 sse
245 810 397 878 repagulis,
406 810 505 869 ,subito
517 811 635 878 seipsae
647 815 828 876 aperuerunt:
849 823 994 876 amneque,

118 937 123 941 ,
188 893 259 946 quae
270 880 525 945 fixainparietibus
535 880 655 943 fuerant,
666 895 700 930 ea
709 885 774 930 suut
783 877 859 929 humi
870 879 994 931 invente

187 951 334 1017 Quumque
352 948 448 1000 eodem
465 956 591 1015 tempore
612 949 685 1016 apud
700 947 854 1000 Lebadiam
865 947 994 1015 Tropho-

186 1021 236 1070 nio
246 1032 292 1071 res
304 1018 399 1072 dimna
408 1019 496 1080 fieret,
508 1019 600 1086 gallos
610 1019 780 1087 gallinaceos
791 1017 819 1075 in
830 1032 864 1068 eo
874 1016 940 1069 loeo
951 1019 995 1070 sio

187 1088 301 1140 assidue
312 1103 411 1140 canere
422 1089 556 1154 coepisse,
568 1096 599 1139 ut
610 1087 679 1139 nihil
690 1088 922 1140 intermitterent:
932 1094 993 1138 tum

188 1172 306 1225 augures
324 1156 428 1209 dixisse
442 1157 589 1219 Boeotios,
610 1157 804 1210 Thebanorum
824 1172 886 1208 csse
905 1156 993 1208 victo·

187 1227 267 1288 riarn,
289 1232 438 1295 propterea
454 1227 527 1295 quod
544 1228 602 1278 avis
618 1228 670 1278 illa
685 1227 760 1278 uicta
778 1227 862 1278 silere
877 1227 994 1290 soleret,

188 1311 297 1358 mucre,
309 1296 335 1347 si
343 1296 463 1349 vicisset.
487 1296 532 1348 75.
545 1297 705 1364 Eademque
716 1294 883 1364 tempestate
894 1295 995 1348 multis

186 1366 273 1434 signis
282 1365 513 1419 Lacedaemoniis
528 1365 694 1418 Leuctrieae
716 1381 825 1434 pugnae
845 1367 994 1418 calamitas

187 1436 410 1497 denuntiabatur,
438 1436 565 1503 Namque
580 1442 608 1488 et
618 1437 771 1504 Lysandri,
794 1437 842 1503 qui
852 1435 994 1488 Lacedae·

186 1507 343 1559 moniorum
354 1506 523 1559 clarissimus
534 1506 635 1568 fuerat,
656 1512 775 1569 statuae,
793 1505 996 1573 quaeDelphis

115 1573 118 1578 ’
186 1580 288 1640 stabat,
308 1577 338 1628 ia
359 1578 451 1644 capite
472 1592 576 1628 corona
595 1577 689 1628 subito
708 1576 817 1628 exstitit
830 1590 866 1628 ex
884 1578 996 1643 asperis

186 1648 281 1700 herbis
298 1656 327 1699 et
341 1648 514 1715 agrestibus:
535 1647 691 1713 stellaeque
706 1661 819 1709 aureae,
839 1661 912 1713 quae
928 1646 996 1699 Del·

186 1718 248 1786 phis
260 1724 340 1769 erant
349 1734 369 1768 a
378 1717 607 1769 lacedaemoniis
618 1718 728 1783 positae
742 1724 808 1784 post
821 1716 951 1768 navalem
963 1717 997 1769 il·

187 1790 244 1840 lam
263 1785 409 1839 uvietoriam
425 1786 578 1853 Lysandri,
600 1802 655 1853 qua
667 1785 848 1839 Athenienses
867 1787 997 1840 concide

147 1878 160 1900 x
188 1864 265 1919 runt,
278 1856 382 1923 (quain
394 1870 486 1922 pugna
497 1856 564 1923 quia
571 1858 674 1907 Castor
685 1862 714 1908 et
725 1856 825 1908 Pollux
834 1872 897 1907 cum
908 1856 997 1910 Lace·

90 1981 95 1986 ,
188 1926 397 1979 daemoniorum
409 1926 498 1978 classe
508 1926 562 1977 visi
572 1941 634 1978 asse
644 1926 820 1987 dicebantur,
841 1942 937 1978 eorum
956 1927 998 1979 in-

188 1995 278 2064 signia
295 1994 431 2057 Morum,
453 1994 553 2047 stellae
567 2009 682 2058 aureae,
702 2012 774 2063 quas,
787 1996 855 2058 dixi,
876 1995 997 2062 Delphis

188 2066 321 2135 positum)
343 2064 438 2131 paullo
460 2073 526 2117 ante
546 2065 723 2117 Leuctricam
743 2080 864 2133 pugnarn
885 2067 996 2119 decide-

186 2141 267 2197 runt,¹
287 2149 374 2201 neque
394 2137 522 2201 'repertae
538 2141 611 2186 sunt.
648 2134 691 2187 76.
709 2135 862 2186 Maximum
878 2153 945 2188 tero
963 2138 996 2188 il·

84 2261 87 2269 ,
187 2205 236 2258 lud
254 2204 533 2274 portentumiisdem
547 2204 695 2270 Spartiatis
709 2203 777 2267 fuit,
798 2206 885 2272 quod,
908 2222 996 2274 quum

187 2275 377 2329 oraculum-nh
391 2275 457 2327 lore
467 2273 622 2325 Dodonaeo
633 2274 809 2340 petivissent,
829 2275 864 2328 de
875 2276 997 2329 victoria

189 2346 373 2407 sciscitantes,
398 2344 539 2411 legatique
563 2342 647 2405 illud,
674 2344 777 2411 inquo
803 2344 915 2398 inerant
935 2361 997 2397 son

186 2422 242 2476 tes,
263 2414 488 2468 eolloeau‘issent:
510 2412 605 2473 simia,
626 2427 709 2478 quam
728 2414 788 2464 Rex
803 2413 996 2467 Molossorum

184 2486 214 2552 in
224 2485 331 2537 deliciis
342 2482 470 2541 habebat,
491 2489 521 2531 et
536 2489 626 2532 sortes
640 2482 729 2548 ipsas,
749 2489 779 2534 et
793 2490 902 2547 cetera,
923 2501 998 2553 quae

178 2560 266 2612 ‘eram
284 2553 320 2604 ad
340 2557 443 2604 sortem
461 2556 572 2614 parata,
593 2550 773 2613 disturbavit,
795 2559 825 2604 et
836 2554 914 2605 aliud
930 2555 997 2606 alio

93 2653 96 2660 ⁴
186 2622 341 2690 dissiparit.
378 2620 449 2669 Tum
470 2634 516 2680 ee,
544 2634 615 2686 quae
635 2622 796 2687 praeposita
815 2630 877 2674 erat
898 2639 1000 2688 urraca«

184 2692 228 2753 lo,
253 2689 384 2743 sacerdos
403 2686 515 2739 dixisse'
534 2688 650 2750 dieitur,
676 2689 710 2743 de
736 2690 830 2745 salute
852 2692 999 2747 Lacedae·

1038 2803 1040 2868 l
