2084 3025
121 103 163 154 '³
184 151 220 208 os
368 113 425 200 nra
444 145 612 197 Narona
629 131 818 196 Daunum

184 257 266 314 nunt,
284 256 316 301 nt
335 264 417 317 qoam
436 248 572 300 facillime
591 262 644 298 ora
659 254 815 299 serventur:
838 246 996 314 exquibus

185 322 278 392 pullos
288 334 371 386 quum
382 318 568 380 excluserunt,
578 316 621 368 ita
630 321 752 379 tuentur,
761 322 794 368 ut
804 322 832 367 et
841 316 941 382 pennis
951 314 997 368 fo·

186 397 278 451 veant,
289 402 323 439 ne
334 387 439 453 frigore
450 385 609 450 laedantur3
629 393 666 448 et,
677 387 701 437 si
712 391 755 437 est
765 385 843 436 calor
852 400 870 435 a
881 384 952 446 cole,
963 398 996 435 se
1035 399 1037 402 ’

187 461 338 528 opponant.
375 456 465 517 Quum
478 466 569 509 autem
584 454 656 523 pulli
671 456 798 521 pennulis
812 454 854 504 uti
864 459 995 519 possunt,

186 535 245 580 tum
256 526 367 577 volatus
379 539 473 576 eorum
484 534 588 578 matres
600 530 816 591 prosequuntur3
827 523 937 588 reliqua
948 537 996 573 ou·
1037 565 1038 580 ,

187 611 221 649 ra
234 595 397 646 liberantur.
433 591 492 645 130.
511 594 625 646 Accedit
642 596 734 645 autem
751 593 787 643 ad
796 592 996 654 nonnullorum
1013 651 1018 658 ι
1037 605 1038 608 ’

188 664 369 717 animantium
380 668 408 715 et
419 678 514 714 earum
525 678 626 724 rerum,
646 678 713 728 quas
724 669 800 713 terra
811 661 908 728 gignit,
930 675 998 710 con·

188 732 372 786 servationem
390 738 418 784 et
434 732 553 783 salutem
570 729 712 782 hominum
729 733 816 783 etiam
826 728 955 781 sollertia
967 735 998 782 et

190 803 345 868 diligentia
380 802 452 853 Nam
468 801 572 852 multae
588 807 617 853 et
632 800 752 867 pecudes
766 809 795 852 et
809 800 911 864 stirpes
922 803 997 860 sunt,
1038 813 1040 834 l

190 887 261 940 quae
287 871 346 923 sine
365 871 561 937 procuratione
582 866 724 921 homiuum
744 872 838 921 salvae
857 882 919 919 esse
938 881 997 918 non

188 946 314 1061 possunt
349 938 471 1006 ‘Magnae
492 940 577 989 etiam
597 940 819 1005 opportunitates
835 936 871 988 ad
887 936 996 987 cultum
1039 959 1040 1014 q

210 1010 332 1060 ominum
348 1014 430 1072 atque
449 1008 647 1058 abundantiam
663 1009 737 1060 aliae
752 1009 817 1059 aliis
832 1008 860 1057 in
871 1005 942 1056 locis
953 1020 997 1057 re·
1039 1017 1040 1068 l

189 1078 342 1147 peliuntur.
377 1079 533 1143 Aegyptum
545 1076 625 1127 Nilus
640 1077 751 1143 irrigat,
771 1083 813 1138 et,
833 1089 918 1142 quum
934 1079 998 1126 tota
1038 1073 1040 1116 l

190 1152 298 1199 aestate
319 1145 446 1195 obrutam
467 1144 662 1212 oppletamque
683 1146 784 1207 tenuit,
804 1150 863 1195 tom
877 1141 997 1206 recedit,

189 1214 368 1279 mollitosque
385 1218 413 1263 et
429 1211 577 1264 oblimatos
593 1229 676 1279 agros
692 1214 728 1264 ad
749 1212 896 1266 serendum
911 1211 998 1264 relin·
1040 1231 1041 1260 l

190 1285 258 1350 quit.
293 1281 530 1346 Mesopotamiam
547 1282 670 1340 fertilem
681 1282 765 1334 ellieit
775 1280 945 1348 Euphrates:
965 1281 997 1332 in
1040 1293 1041 1298 ’

189 1351 274 1420 quain
285 1349 433 1418 quotannis
445 1352 525 1417 quasi
535 1366 621 1402 novos
632 1367 715 1422 agros
726 1350 839 1414 invehit.
854 1350 940 1400 ludus
951 1365 997 1402 τε·
1032 1379 1037 1386 -

187 1434 230 1482 ru,
241 1420 288 1487 qui
298 1425 340 1470 est
352 1420 473 1470 omnium
483 1418 630 1470 fluminum
642 1422 792 1483 maximus,
803 1436 857 1471 non
869 1435 941 1486 aqua
950 1433 996 1470 so·

187 1488 246 1542 lum
256 1501 339 1557 agros
350 1488 485 1541 laetiiicat
501 1495 531 1542 et
542 1489 664 1557 mitigat,
684 1491 733 1543 red
744 1506 792 1544 eos
804 1491 888 1542 etiam
900 1504 995 1542 conse·

186 1558 234 1611 rit.
266 1558 402 1627 Magnam
418 1560 490 1612 enim
506 1559 562 1610 rim
573 1561 706 1611 seminum
718 1576 809 1612 secum
823 1560 955 1611 frumenti
964 1564 995 1612 et

187 1627 320 1679 similium
337 1628 440 1680 dicitur
456 1629 613 1695 deportare.
650 1628 709 1682 131.
728 1630 872 1696 Multaque
891 1629 950 1680 alia
964 1629 994 1680 in

188 1696 251 1748 aliis
261 1696 329 1749 locis
340 1697 594 1749 commemorabilia
604 1699 728 1764 proferre
740 1714 865 1766 possum:
889 1699 993 1750 multos

186 1764 298 1818 fertiles
320 1780 415 1832 agros,
436 1767 508 1816 alios
528 1767 645 1818 aliorum
662 1768 810 1819 fruetuum.
846 1767 918 1820 Llil.
937 1764 994 1829 sed

186 1835 353 1902 illaqueata
370 1834 527 1900 benignitas
546 1843 674 1899 naturae,
696 1838 842 1904 quod-tam
857 1837 946 1887 multa
958 1835 993 1888 ad

113 1911 131 1953 ’.
186 1904 360 1965 vescendum,
370 1908 428 1952 tam
439 1904 525 1955 vana
535 1911 645 1972 tamque
655 1907 776 1972 iucunda
786 1907 887 1974 gignit:
903 1920 993 1973 neque

111 2002 116 2013 ι
187 1988 222 2025 ea
231 1988 286 2024 uno
299 1979 423 2038 tempore
435 1972 522 2023 annit·
531 1981 563 2025 ut
574 1990 682 2041 semper
694 1983 722 2028 st
735 1978 861 2027 novitate
873 1975 994 2028 delecte·

185 2056 249 2093 rnur
260 2047 288 2092 et
300 2041 392 2107 copia!
415 2040 504 2102 Quam
516 2045 694 2109 tempestivos
707 2051 799 2097 autem
812 2045 898 2107 dedit,
911 2059 993 2111 quam

187 2112 325 2162 salutares
338 2125 393 2161 non
407 2109 661 2175 marchomirum,
684 2114 735 2166 sed
755 2116 838 2166 etiam
855 2113 993 2180 pecudum

186 2180 296 2248 generi,
318 2178 353 2229 iis
364 2178 482 2247 denique
493 2182 618 2247 omnibus
624 2219 631 2244 ‚
655 2199 725 2249 quae
742 2185 869 2234 oriuntur
880 2201 896 2235 e
908 2190 992 2246 terra,

187 2253 286 2300 ventos
296 2247 419 2311 Etesias;
442 2264 556 2315 quorum
573 2250 641 2302 ilatu
658 2253 735 2302 nimii
746 2259 938 2319 temperantur
948 2267 991 2303 ua·

187 2317 270 2368 iores.
307 2317 347 2368 Ab
364 2317 463 2370 iisdem
482 2320 566 2370 etiarn
584 2322 715 2372 maritimi
730 2338 824 2373 cursus
841 2323 948 2375 celeres
962 2326 991 2373 et

188 2387 258 2438 certi
274 2386 440 2454 diriguntur.
476 2388 568 2438 Multa
583 2391 882 2454 praetereundas‘suut:
905 2398 934 2443 et
952 2396 1002 2459 tu·x

186 2456 493 2508 menmultadicuntur.
531 2454 589 2508 132.
607 2460 770 2513 Enumerari
780 2463 853 2512 enim
864 2477 920 2513 nou
929 2475 993 2529 pos·

186 2533 251 2576 sunt
261 2523 403 2576 iluminum
415 2526 649 2591 opportunitates:
672 2537 763 2582 aestus
776 2532 917 2594 maritimi,
932 2536 993 2581 tum

188 2595 365 2658 accedentes,
384 2602 443 2646 tum
462 2595 636 2655 recedentes:
663 2606 772 2652 montes
791 2601 888 2653 vestiti
909 2606 993 2667 atque

187 2664 342 2719 silvestres:
363 2665 470 2717 salinae
491 2666 526 2717 ab
548 2680 598 2719 ura
617 2669 757 2721 maritima
771 2670 991 2723 remotissimam
