2084 3025
179 170 216 224 os
281 132 285 137 ’
434 146 438 147 ἢ
490 167 672 251 caucius

179 273 254 326 Satis
276 280 338 326 erat
357 274 538 344 respondere,
565 291 699 346 magnam
722 275 861 346 ingentes,
885 271 982 343 inquit.

135 393 142 399 .
178 343 294 411 Semper
303 351 387 413 auget
397 352 556 420 assentatqr
566 347 604 409 id,
620 346 694 413 quod
703 346 737 409 is,
754 346 832 396 cuius
842 343 880 395 ad
890 344 985 395 volun·

176 420 265 466 tatem
276 414 390 480 dicitur,
410 416 471 467 vult
481 431 542 468 esse
553 431 692 483 magnum.
726 414 772 481 99.
788 414 987 478 Quamobrem,

177 485 303 554 quamvis
314 486 418 537 blanda
429 487 485 537 ista
494 488 604 538 vanitas
616 485 689 552 apud
700 488 747 537 cos
758 484 862 546 valeat,
874 485 922 551 qui
931 482 988 550 ipsi

178 556 257 606 illam
280 555 414 609 allectant
429 563 458 608 et
471 557 608 607 invitant:
630 563 722 607 tomen
738 557 825 607 etiam
840 557 986 622 graviores

179 627 438 693 constantioresque
451 626 619 678 admonendi
629 632 701 688 sunt,
712 633 743 677 ut
755 627 878 677 animum
890 626 989 675 adrer-

87 714 95 731 ο
178 701 250 758 tant,
262 710 295 746 nc
309 696 412 747 callida
424 698 613 751 assentatione
624 698 780 761 capiantur.
798 696 903 761 Aperte
912 695 987 746 enim

179 765 340 817 adulantem
352 781 432 821 nemo
444 781 499 817 non
510 767 597 829 videt,
611 767 664 816 nisi
673 760 724 834 'qui
733 764 884 816 admodum
892 771 988 816 estex·

180 850 251 886 cors.
274 835 398 888 Callidus
409 836 458 887 ille
470 842 498 887 st
509 836 636 887 occultus
644 842 685 887 ue'
694 852 724 888 se
735 836 869 897 insinuet,
880 835 989 885 studio·

179 922 209 958 se
226 906 378 957 cavendum
391 913 442 957 cst.
479 906 539 963 Nee
553 907 626 958 enim
645 905 781 957 facillime
798 906 990 972 cognoscitur,

180 976 282 1044 quippo
302 976 349 1042 qui
365 977 452 1029 etiam
466 976 641 1029 adversando
656 991 741 1042 saepe
757 982 929 1037 assentetur;
950 981 992 1037 et,

137 1102 144 1117 ‚
179 1047 292 1114 litigare
304 1060 334 1096 se
345 1045 489 1108 simulans,
500 1047 668 1108 blandiatur,
687 1053 772 1114 atquc
783 1044 819 1095 ad
830 1051 991 1096 extremum

145 1112 149 1121 ’
180 1115 229 1168 det
240 1130 345 1176 manus,
356 1115 484 1184 vincique
495 1133 525 1168 se
537 1118 672 1184 patiatur:
683 1122 714 1166 ut
723 1116 757 1177 is,
770 1117 816 1182 qui
827 1115 929 1166 illusus
940 1114 991 1177 sit,

80 1182 84 1193 '
181 1185 244 1267 plus
266 1184 370 1237 vidisse
384 1186 522 1240 rideatur.
561 1187 634 1249 Quid
649 1192 744 1238 autern
759 1186 883 1252 turpius,
905 1200 992 1251 quam

180 1254 281 1306 illudii
305 1255 387 1319 Quod
404 1272 438 1308 ne
454 1256 577 1319 accidat,
598 1256 750 1308 cavendum
765 1262 822 1319 cst,
842 1255 913 1306 utin
924 1255 993 1322 Epi·

183 1326 273 1379 clero:

217 1396 309 1450 Hodie‘
317 1413 359 1449 me
370 1405 434 1449 ante
445 1413 535 1449 omnes
546 1397 661 1450 comicos
673 1399 770 1450 stultos
780 1412 856 1449 senes

220 1466 570 1536 Vereriris'atque[ldscris]
583 1468 742 1521 lettts'ssime.
787 1478 789 1482 ·
907 1509 911 1517 a

184 1536 243 1590 100.
263 1538 343 1591 Haec
355 1540 428 1590 enim
440 1539 524 1590 ctiam
536 1540 566 1589 in
576 1538 679 1590 fabulis
689 1537 859 1590 stultissima
868 1552 993 1604 persona

183 1613 234 1671 est,
254 1608 473 1675 improvidorum
485 1616 512 1660 et
523 1608 698 1662 credulorum
709 1623 822 1660 senum·
852 1607 922 1680 Sed,
944 1624 994 1660 ne·

162 1717 164 1722 .
182 1679 242 1729 scio
253 1684 417 1746 quopacto,
437 1681 471 1731 ab
484 1680 617 1732 amicitiis
631 1678 819 1746 perfectorum
835 1676 994 1741 hominum,

181 1746 275 1812 idest,
290 1749 460 1816 sapientium
470 1750 517 1812 (dc
528 1748 580 1801 hac
592 1750 654 1801 dico
665 1749 811 1816 sapientia,
830 1762 904 1815 quae
913 1747 994 1800 vide·

181 1822 230 1868 tur
240 1819 268 1868 in
280 1817 419 1872 hominem
430 1819 530 1872 cadere
542 1824 635 1886 posse)
653 1820 689 1869 ad
703 1820 778 1871 leves
789 1818 933 1869 amicitias
945 1817 994 1870 de-

86 1925 98 1938 ,
182 1884 262 1938 flexit
273 1890 374 1941 oratio,
411 1889 597 1950 Quamobrem
616 1888 652 1941 ad
666 1890 718 1941 illa
730 1887 994 1955 primaredcamus,

183 1972 269 2025 saque
280 1959 341 2025 ipsa
351 1959 547 2011 concludamus
558 1959 716 2027 aliquando.

234 2026 347 2080 xxvii.
365 2028 477 2091 Virtus,
497 2030 605 2092 virtus,
618 2031 743 2097 inquam,
765 2029 795 2082 C.
806 2027 899 2094 Fanni
910 2035 940 2082 et
949 2034 995 2092 tu,

183 2097 217 2160 Q.
227 2097 328 2159 Muci,
339 2104 369 2150 et
380 2099 512 2150 conciliat
528 2099 666 2151 amicitias
682 2107 711 2151 et
721 2105 878 2151 conservat.
916 2100 949 2151 ln
959 2114 995 2151 ea

183 2173 228 2219 ost
237 2168 309 2219 enim
320 2169 515 2221 convenientia
525 2184 632 2231 rerum,
653 2170 681 2219 in
693 2184 727 2220 ea
736 2169 896 2233 stabilitas,
919 2170 948 2220 in
959 2183 995 2222 eo

183 2238 356 2289 constantia:
377 2254 448 2306 quae
461 2255 544 2307 quum
557 2254 587 2290 se
597 2239 698 2310 extulit
709 2245 738 2291 et
753 2239 877 2291 ostendit
894 2241 994 2292 lumea

97 2311 102 2320 ‘
130 2303 142 2320 ”
155 2337 157 2341 -
182 2322 273 2371 suum,
286 2314 321 2360 ct
332 2307 405 2360 illem
416 2309 546 2375 adspexit
557 2310 725 2377 agnovitque
735 2309 765 2360 in
777 2310 849 2361 alio:
871 2310 910 2361 ad
921 2309 952 2361 id
962 2324 994 2361 se

112 2395 115 2400 <
182 2376 325 2443 admovet,
344 2378 521 2445 vicissimque
536 2380 638 2445 accipit
652 2379 736 2442 illud,
756 2378 831 2446 quod
852 2383 882 2431 in
898 2380 993 2433 altero

181 2453 238 2498 est:
259 2463 361 2516 exque
373 2461 468 2500 corum
479 2449 638 2500 exardescit
645 2448 707 2501 *siv'e
718 2464 807 2513 amor,
823 2450 884 2502 sire
897 2445 996 2501 amici·

179 2514 234 2568 tio.
261 2518 414 2584 Utrumque
424 2517 498 2569 enim
508 2517 615 2570 dictum
625 2524 668 2571 est
679 2520 714 2571 ab
725 2519 855 2571 amando.
887 2521 994 2572 Amare

181 2591 275 2638 autem
285 2586 357 2638 nihil
367 2585 446 2637 aliud
456 2593 506 2649 est,
522 2589 580 2639 nisi
590 2604 653 2641 cum
664 2590 756 2657 ipsum
768 2589 897 2658 diligere,
909 2603 995 2657 quem

182 2666 268 2718 ainos,
278 2656 356 2707 nulla
365 2655 529 2724 indigentia,
541 2658 620 2711 nulla
630 2659 756 2711 utilitato
767 2660 906 2728 quaesita.
931 2655 994 2726 101.

182 2717 260 2782 Quae
273 2731 367 2778 tamen
382 2725 445 2808 ipsa
455 2724 606 2781 efflorescit
618 2742 654 2781 ex
663 2728 802 2793 amicitia,
822 2730 912 2782 ctiam
923 2730 952 2781 si
960 2734 994 2781 tu
