2084 3025
71 90 90 140 ’-
123 135 125 138 ψ
204 107 350 188 Διω.
387 109 473 168 cnr.
488 114 514 167 s.
530 113 556 168 9.
572 67 615 167 10ss
774 111 827 164 20⁰

20 207 158 283 publicae.
195 214 268 270 rum
279 214 386 283 Scipio:
407 218 492 287 Atqui
503 224 600 269 nactus
610 233 648 280 es,
664 216 713 268 sed
724 215 830 269 meher-

20 284 85 336 cule
98 283 265 336 otiosiorem
277 301 371 353 opera,
390 302 475 353 ¹quarn
487 289 590 340 animo.
626 289 663 339 Et
672 288 734 339 ille:
758 294 787 337 at
798 294 829 337 tu

20 367 88 404 nero
104 352 226 425 animum
244 371 354 423 quoque
371 356 480 416 relaxes
500 361 627 423 oportet;
647 372 740 407 sunrus
756 356 830 406 eninr

20 421 113 484 multi,
133 429 165 473 nt
176 424 381 488 constituimus,
396 428 498 493 parati,
512 427 539 478 si
551 432 598 476 tuo
610 425 755 475 commodo
768 423 829 476 ficri

20 498 124 558 potest,
136 493 214 544 abuti
224 499 314 545 tecum
325 495 378 550 hoc
389 495 455 547 otio.
470 523 503 533 -·
525 495 645 558 Libente
656 510 700 545 me
711 508 787 554 rero,
798 498 830 544 ut

20 559 130 628 aliquid
137 562 290 629 'aliquando
301 559 341 616 de⁴
348 565 493 618 doctrinae
500 565 609 616 xstudiis
620 564 829 615 admoneamur.

73 625 109 690 X
131 633 202 682 Tam
213 631 275 686 ille:
295 632 380 686 'Vis'oe
401 635 504 701 igitur,
525 634 655 700 quoniam
665 638 693 684 et
707 647 751 696 me
763 645 831 697 quo·

20 699 170 752 darnmodo
181 702 291 766 invitas,
303 710 332 754 ct
343 703 386 755 tui
395 720 473 771 spem
484 703 542 765 das,
554 702 607 754 hoc
618 706 746 769 primurn,
756 698 831 751 Airi-

20 785 100 832 rane,
109 770 260 835 videamus,
272 779 336 824 ante
348 789 431 840 quam
442 774 555 825 veniunt
567 773 626 835 alii,
637 770 769 839 quidnam
780 770 829 831 sit,

20 840 57 892 de
74 841 131 891 isto
151 841 241 892 altero
261 844 322 893 sole
342 843 417 910 quod
432 844 590 895 nuntiatum
605 837 648 894 est
662 842 691 891 in
706 838 829 892 Senatui

20 924 108 978 neque
120 912 190 962 enim
202 912 283 975 pauci
294 927 382 977 neque
398 914 474 965 leros
486 918 563 975 sunt,
582 912 630 978 qui
645 928 675 963 se
686 910 740 960 duo
750 909 827 970 soles

20 980 125 1031 ridisse
138 979 250 1042 dicant:¹
265 986 362 1034 utnon
375 989 430 1036 tam
445 982 511 1034 fides
522 997 578 1034 non
589 980 724 1041 habenda,
744 993 829 1046 quam

20 1048 94 1100 ratio
111 1049 270 1117 quaerenda
280 1051 327 1103 sit.
362 1052 418 1103 Hic
428 1051 536 1118 Scipio:
559 1052 649 1114 Quam
664 1049 765 1101 vellem
777 1046 828 1110 Pa·

20 1118 282 1174 naetiumnos'trum
293 1120 439 1184 nobiscum
450 1120 622 1182 haberemus,
633 1120 680 1187 qui
692 1133 774 1185 quum
785 1131 829 1169 ce·

20 1192 155 1252 termium
168 1188 237 1241 haec
246 1190 381 1243 caelestia
390 1192 436 1260 rel
445 1190 650 1242 studiosissime
659 1189 734 1241 solet
745 1202 830 1256 quae·

20 1271 91 1310 rere.
121 1256 175 1309 Sed
187 1259 383 1324 ego,.Tubero,
394 1276 459 1311 nam
470 1267 563 1312 tecum
576 1266 671 1325 aperte
683 1258 757 1325 quod
767 1273 830 1309 sen·

20 1329 60 1380 tio
71 1326 184 1394 loquar,
204 1343 259 1378 non
275 1328 357 1379 nimis
372 1330 511 1381 assentior
527 1330 556 1379 in
568 1329 644 1379 omni
654 1329 711 1379 isto
722 1344 826 1395 genere

20 1402 116 1448 nostro
127 1397 173 1447 illi
184 1397 330 1459 familiari,
343 1399 399 1466 qui,
411 1414 486 1465 *quae
501 1398 548 1448 rix
558 1398 720 1449 coniectura
731 1398 828 1464 qualia

20 1467 75 1518 sint
90 1461 236 1534 possumus
252 1467 403 1534 suspicari,
423 1468 465 1529 sie
486 1466 621 1530 allimnat,
641 1472 674 1519 ut
689 1468 778 1519 oculis
792 1484 828 1522 ea

20 1537 131 1607 eernere
142 1537 271 1590 videatur
281 1544 330 1599 ont
340 1545 462 1591 tractare
473 1539 652 1605 planemanu.
670 1538 731 1597 Quo
739 1540 827 1590 etiam

20 1608 220 1674 sapientiorem
233 1607 379 1667 Socratem
392 1608 471 1660 soleo
486 1608 627 1673 iudicare,
647 1607 696 1673 qui
715 1623 826 1660 ornnem

20 1677 155 1733 eiusmorr
178 1692 271 1728 curam
290 1677 465 1751 deposuerit3
485 1690 572 1743 eaque
588 1691 658 1743 quae
674 1676 709 1726 de
723 1683 826 1729 natura
896 1704 898 1707 ·
927 1708 929 1715 ›

20 1751 228 1815 quaererentur,
239 1754 287 1798 aut
300 1748 417 1813 maiora,
430 1763 511 1814 quam
524 1744 665 1797 hominum
675 1747 748 1797 ratio
761 1762 828 1798 con·

20 1814 99 1883 requi
117 1817 220 1881 possit,
240 1814 378 1879 autuihil
398 1818 509 1871 omnino
530 1816 566 1867 ad
582 1816 668 1867 vitam
683 1814 827 1875 hominum

20 1887 137 1938 attinere
148 1885 261 1938 dixerit.
280 1886 353 1939 Dein
364 1888 489 1940 Tubero:
498 1886 614 1948 Nescio,
625 1885 683 1936 Afri
704 1901 763 1948 ane,
776 1900 826 1938 our

20 1956 60 2006 ita
71 1957 221 2007 memoriae
232 1955 372 2022 proditum
381 1959 433 2019 eit,
454 1955 599 2009 Socratem
616 1964 686 2005 om...
701 1971 725 2005 :n
739 1955 826 2008 istam

20 2025 235 2091 disputationem
246 2027 390 2090 reiecisse,
411 2032 440 2080 et
450 2033 558 2083 tanturn
569 2025 603 2083 de
614 2024 673 2077 rito
683 2025 755 2077 etde
766 2039 825 2077 mo·

20 2095 96 2146 ribus
111 2095 225 2146 solitum
236 2112 302 2148 esse
314 2111 455 2163 quaerere.
492 2099 581 2160 Quem
595 2095 669 2146 enim
679 2101 825 2147 auctorem

20 2164 53 2216 de
66 2164 124 2215 'illo
147 2164 360 2231 locupletiorem
381 2165 499 2218 Platone
521 2165 637 2217 laudare
657 2162 825 2230 possumusi

20 2234 135 2286 euiusin
145 2233 226 2285 libris
241 2235 337 2286 multis
352 2235 423 2287 locis
439 2234 481 2287 ita
492 2235 618 2301 loquitur
629 2234 773 2295 Socrates,
792 2238 825 2284 ut

20 2304 104 2357 etiarn
117 2319 200 2370 quum
211 2305 245 2356 do
257 2305 389 2366 moribus,
401 2305 435 2355 de
446 2305 607 2364 virtutibus,
619 2303 736 2368 denique
747 2303 782 2355 de
791 2317 824 2355 ro

20 2373 130 2441 publiea
148 2374 283 2443 disputet,
303 2389 432 2434 numeros
446 2380 541 2427 tamen
557 2379 585 2423 et
600 2372 784 2438 geometriam
794 2377 823 2424 et

20 2442 191 2495 narnioniam
211 2432 324 2495 studeat
344 2441 522 2512 Pythagorae
543 2457 621 2492 more
645 2442 822 2508 coniungere.

20 2515 89 2565 forn
100 2511 204 2578 Scipio:
223 2512 366 2576 Samiolo,
377 2519 410 2564 ut
422 2512 506 2575 diois3
518 2510 591 2573 „sed
605 2509 716 2560 audisse
727 2517 755 2561 te
765 2527 823 2562 cre·

22 2582 86 2647 ‚do‚
97 2582 218 2646 Tubero,
234 2583 388 2646 Platonem,
400 2581 515 2635 Soo'rate
526 2586 645 2638 mortuo,
663 2578 782 2644 primum
792 2581 823 2631 in

22 2653 195 2719 ,Aegyptum
209 2653 332 2705 discendi
343 2669 451 2717 caussa,
467 2656 532 2720 post
542 2650 571 2701 in
581 2647 693 2768 lbaliarn
704 2653 732 2700 et
743 2647 770 2698 in
780 2647 822 2700 Εἰ·

50 2723 107 2774 Cre.
120 2723 170 2774 ΟΡ.
181 2723 216 2774 Χ.
293 2739 300 2743 ·
