2084 3025
262 188 385 247 ursa
422 189 506 248 cur.
523 194 629 253 ao-ae
758 231 766 244 ι
800 165 853 251 '21⁹

35 291 104 352 ulla
118 296 152 349 in
167 295 341 366 cogitatione
351 298 443 349 acrius
459 305 508 350 aut
517 298 681 371 diligentius
691 298 782 364 solere
792 312 852 351 rer·

35 371 111 432 sari,
128 382 214 436 quam
224 366 254 417 in
264 367 321 419 ista
332 367 402 434 ipsa,
412 383 482 435 quae
493 366 571 431 mihi,
581 368 671 432 Laeli,
687 386 704 421 a
714 377 742 420 te
753 383 853 436 propo·
921 365 929 370 ’

34 439 131 491 nitur.
148 437 258 488 Etenim
268 452 350 503 quum
360 437 390 488 in
402 453 453 488 suo
465 453 600 505 quemque
612 453 695 504 opere
706 439 851 501 artificem,

37 506 218 575 quiquidem
232 506 365 569 excellat,
384 505 453 557 ninii
465 506 688 576 aliudcogitare,
709 507 852 569 meditari,

37 592 145 629 curare
155 575 274 639 videam,
284 576 339 627 uisi
349 590 405 643 quo
416 577 454 627 sit
464 576 549 628 inillo
556 591 657 643 genere
667 576 779 628 melior:
790 591 853 644 ego,

38 661 133 715 quum
148 644 218 696 mihi
230 646 268 697 sit
283 660 368 695 unum
385 660 454 712 opus
472 644 526 697 hoc
542 663 559 698 a
570 647 732 712 parentibus
742 644 853 696 maiori

38 717 156 782 busque
167 715 236 767 meis
247 714 388 778 relictum,
409 715 572 783 procuratio
583 722 666 783 atque
678 715 853 768 administra

39 787 88 838 tio
108 786 152 837 rei
168 784 310 852 publicae,
328 801 384 836 non
400 801 444 838 me
455 786 620 838 inertiorem
637 801 698 838 osse
709 785 853 847 confitear,

39 870 131 925 quam
143 855 271 922 opificem
284 870 458 923 quemquam,
478 856 504 907 si
515 855 605 906 minus
615 855 643 905 in
654 854 775 906 ruraxima
783 859 854 916 arte,

41 941 131 998 quam
151 924 197 975 illi
216 924 246 974 in
265 925 401 987 minimis,
424 935 526 992 operae
542 923 778 994 consumpseriml
797 921 855 975 Sed

39 1010 136 1063 neque
146 993 190 1046 his
202 1000 349 1046 contentus
360 1010 434 1056 sum,
454 1010 524 1062 quae
535 995 570 1047 de
579 995 637 1047 ista
647 994 854 1046 consultatione

40 1067 155 1132 scripta
163 1064 244 1116 nobis
256 1065 359 1115 summi
370 1081 403 1117 ex
410 1064 530 1117 Graecia
540 1065 794 1133 sapientissimique
804 1061 855 1114 ho·

40 1136 137 1188 mines
147 1134 330 1201 reliquerunt,
339 1150 428 1202 neque
439 1151 481 1199 ea,
500 1151 571 1203 quae
580 1134 648 1188 mihi
658 1134 796 1195 videntur,
807 1148 854 1184 an·

41 1204 153 1257 teferre
163 1204 222 1254 illis
234 1203 333 1257 audeo.
367 1204 458 1267 Quam
475 1206 581 1259 obrem
596 1212 663 1274 peto
680 1222 698 1258 a
708 1204 801 1265 uubis,
822 1208 854 1253 ut

42 1291 93 1328 nie
105 1277 146 1325 sic
158 1274 298 1336 audiatis,
317 1289 406 1340 neque
416 1282 448 1326 ut
458 1277 570 1327 ommno
582 1281 722 1343 expertem
734 1273 855 1324 Graeca·

42 1358 110 1398 rum
121 1358 231 1410 reruni,
252 1360 342 1411 neque
357 1350 389 1395 ut
404 1360 451 1396 eas
467 1346 572 1396 nostris
587 1345 616 1395 in
627 1343 680 1396 hoc
690 1341 855 1411 praesertim
926 1341 930 1348 ‘

46 1428 151 1480 genere
164 1419 395 1480 anteponentem3
416 1413 465 1465 sed
483 1421 514 1465 ut
524 1429 608 1464 unum
621 1412 755 1480 etogatis
765 1412 854 1478 patria

46 1483 198 1551 diligentia
222 1497 276 1534 non
301 1482 480 1537 illiberaliter
499 1483 674 1545 institutum,
705 1480 855 1547 studioque

45 1552 174 1605 discendi
186 1568 203 1604 a
215 1553 336 1620 pueritia
347 1553 497 1615 incensum,
516 1568 569 1604 usu
579 1562 673 1606 tamen
684 1559 713 1604 et
724 1550 856 1602 domesti-

44 1625 90 1676 cis
120 1623 257 1689 susceptis
268 1623 356 1674 multo
372 1624 462 1690 magis
474 1621 629 1685 eruditum,
649 1619 856 1689 quamlitteris.

129 1692 201 1744 Xlll.
221 1692 278 1742 llic
288 1690 399 1756 Philus,
417 1693 490 1755 Non,
501 1690 623 1753 hercule,
636 1691 735 1758 inquit,
750 1687 856 1755 Scipio,

47 1761 159 1823 dubito,
178 1761 242 1828 quin
254 1761 307 1811 tibi
318 1761 430 1829 ingenio
440 1761 615 1830 praestiterit
625 1776 716 1821 nemo,
735 1773 787 1809 usu
799 1756 856 1824 qui·

44 1831 114 1883 dem
132 1829 161 1881 in
175 1845 205 1881 re
221 1829 334 1896 publica
348 1847 440 1883 rerum
456 1832 642 1882 niaximnrum
658 1829 744 1881 facile
760 1840 856 1881 omnes

46 1899 164 1952 viceris:
187 1900 286 1966 quibus
304 1906 398 1952 autem
418 1902 517 1952 studiis
536 1914 646 1967 seraper
661 1898 763 1961 fueris,
782 1903 857 1949 tene·

46 1985 120 2022 nitus.
140 1969 229 2029 Quam
241 1970 346 2020 obrem
357 1970 391 2035 si,
402 1977 433 2021 ut
446 1969 526 2034 dicis,
535 1971 659 2022 ,animum
671 1983 781 2037 quoque
794 1981 857 2018 con·

46 2038 144 2091 tulisti
151 2038 180 2088 in
191 2039 274 2089 istam
286 2040 423 2091 rationem
441 2045 469 2092 et
479 2041 560 2106 quasi
571 2047 675 2101 artem,
696 2039 785 2090 habeo
799 2050 857 2087 ma·

47 2110 152 2161 xinram
168 2108 415 2174 gratiam-Laelio:
435 2125 517 2177 spero
535 2111 608 2161 enim
625 2106 857 2160 multo-uberiora

48 2176 125 2240 fure,
145 2193 214 2243 quae
226 2192 243 2227 a
254 2184 283 2228 te
294 2178 430 2240 dicentur,
452 2194 533 2246 quam
548 2178 613 2242 illa,
633 2194 703 2246 quoe
713 2194 730 2229 a
740 2174 856 2228 Graecis

47 2248 132 2300 nobis
142 2247 248 2313 scripta
258 2255 324 2298 sunt
334 2248 437 2300 omnia.
474 2249 546 2300 'runi
558 2249 616 2311 ille,
631 2261 810 2315 permagnam
821 2250 857 2295 tu

70 2317 163 2368 uidem
174 2317 421 2383 exspectationem,
429 2317 503 2384 quod
514 2333 584 2369 ouus
596 2323 638 2370 est
650 2317 677 2367 ei
689 2317 736 2382 qui
746 2314 856 2380 magnis

50 2334 88 2440 ge
97 2386 179 2438 rebus
191 2386 314 2437 dictums
326 2393 369 2439 est
379 2387 583 2454 gravissimum,
599 2386 720 2451 imponis
731 2380 856 2435 orationi

49 2471 138 2511 meae.
173 2456 210 2507 Et
219 2455 329 2518 Philus,
351 2457 477 2525 quamuis
492 2457 530 2507 sit
545 2470 660 2523 magna,
681 2461 776 2506 tamen
792 2465 856 2503 eam

47 2526 151 2588 vinces,
162 2531 194 2577 ut
206 2527 291 2578 solesr
314 2542 402 2593 noque
414 2526 486 2578 enim
499 2531 542 2578 est
553 2525 715 2592 periculum,
736 2521 770 2576 n'e
780 2528 809 2574 te
820 2519 855 2573 ds
926 2527 930 2531 ’

49 2595 202 2663 republica
213 2595 393 2650 disserentem
405 2595 517 2648 deficiat
529 2596 631 2648 oratio.

102 2665 203 2718 XXlV,
222 2665 278 2716 llic
289 2665 395 2733 Scipio:
417 2665 549 2729 Faciam,
564 2664 637 2733 quod
647 2664 746 2727 vultis,
754 2668 795 2713 'ut
805 2675 855 2729 po·

49 2743 123 2801 turo,
134 2739 161 2790 at
170 2732 313 2806 ingrediar
323 2737 354 2788 in
364 2736 555 2807 disputionem
565 2752 599 2790 ea
609 2736 682 2805 lege,
700 2749 756 2805 qua
767 2729 853 2800 credo
