2084 3025
192 134 527 191 assensurum
547 137 631 195 ΜΡ.
649 138 675 193 u.
695 134 738 193 10.
835 141 870 197 1³

66 241 208 296 enimiam
219 248 341 297 eemtenr
357 241 498 295 hominum
508 243 634 310 virebat3
654 250 776 299 necerat
786 244 871 300 eire-

11 354 12 369 2
66 311 191 373 rendum,
211 327 255 376 ne,
274 329 340 366 scra
351 312 386 366 de
395 329 426 367 se
437 313 611 382 praedicans,
631 315 871 368 nimiarideretur

66 391 115 448 aut
126 382 249 433 insolens
260 389 308 433 aut
323 383 436 450 loquax.
473 384 598 447 Etenim,
618 396 649 437 ut
666 386 868 448 uilliconum,
962 424 969 443 0

64 470 99 505 ea
110 451 275 522 derlingun
286 456 362 505 melle
375 454 481 521 dulcior
489 453 599 524 fluebat
613 455 719 509 oratio:
739 471 821 524 quam
833 455 869 509 ad

64 521 233 586 suavitatem
244 523 328 574 nullis
339 526 440 591 egebat
456 525 582 592 corporis
598 526 715 577 viribus:
737 532 875 583 ettamen.

65 589 121 645 dux
137 591 332 645 ilchraeciae
347 609 482 661 nusquam
495 601 589 662 optat,
611 601 642 646 ut
654 595 745 647 Aiacis
761 596 868 647 similes

63 658 166 717 babeat
179 661 283 727 decern,
294 670 323 715 at
333 670 364 715 ut
376 663 609 731 Nestoris;.quod
619 665 645 715 si
654 665 798 727 acciderit,
814 680 871 721 nou

65 721 186 796 dubitat,
196 733 262 800 quin
273 732 351 786 brcri
361 735 449 786 Troia
459 734 496 786 sit
507 735 642 801 peritura.
665 733 707 787 32
719 734 774 786 Sed
784 734 868 787 redeo

62 801 101 867 ad
112 817 165 863 me.
202 801 337 864 Quartum
348 819 450 855 arreum
461 818 514 870 ago
527 810 555 855 ct
566 804 780 871 octogesimum:
792 805 868 871 equi·

64 870 127 937 dem
139 886 221 937 posse
231 872 330 925 sellem
341 873 414 925 idern
425 874 552 942 gloriari,
579 873 635 925 uod
646 875 750 943 Cyrus:
766 872 815 925 red
826 880 871 925 ta-

64 956 128 1007 ruen
139 941 192 993 hoc
202 957 272 1008 queo
283 943 384 1005 dicere,
395 960 451 995 non
462 959 505 995 me
515 889 628 1012 quidem
640 944 675 994 iis
687 943 869 1006 essetiribus,

66 1012 165 1081 quibus
177 1019 225 1064 aut
235 1013 316 1065 miles
333 1013 407 1064 belle
419 1012 536 1074 Punico,
557 1019 607 1065 aut
619 1012 869 1077 Quaesturleodem

63 1079 150 1143 bello,
169 1088 219 1133 aut
229 1083 333 1134 Consul
345 1083 374 1133 in
385 1083 525 1150 Hispania
537 1081 644 1147 fuerim,
664 1092 713 1136 aut
724 1082 869 1152 quadrien·

64 1151 110 1217 nio
123 1155 201 1218 post,
225 1167 308 1219 quum
320 1153 460 1207 Tribunus
477 1154 607 1206 militaris
623 1153 781 1223 depugnavi
795 1151 869 1222 upud

63 1218 281 1288 Thermopylas,
301 1222 339 1272 Μ’
349 1223 439 1274 Acilio
452 1220 603 1276 Glabrione
614 1224 748 1277 Consule:
767 1223 816 1276 sud
828 1230 870 1275 ta·

62 1305 136 1351 meu,
147 1295 179 1340 ut
189 1306 238 1343 ros
251 1290 359 1355 videtis,
371 1308 426 1343 non
437 1293 518 1359 plane
530 1310 575 1345 me
585 1294 727 1346 enerravit
738 1309 789 1345 noc
800 1291 856 1358 silli

11 1408 12 1431 ἢ
61 1360 106 1425 sit
117 1367 261 1412 sanemus:
270 1377 325 1413 non
335 1363 413 1414 curia
424 1378 497 1415 rrrcs
508 1379 584 1415 oreas
594 1361 743 1424 desiderat,
752 1377 806 1413 non
814 1363 870 1415 lie·

62 1436 134 1492 stra,
145 1444 202 1480 nun
211 1430 302 1493 amici,
314 1448 366 1482 non
378 1433 503 1494 clientes,
513 1449 569 1483 non
579 1430 713 1499 hospites.
731 1431 869 1485 Ncccuim

61 1515 196 1568 umquem
209 1516 270 1552 sum
282 1517 411 1554 assensus
421 1503 511 1555 reteri
522 1502 566 1554 illi
578 1502 747 1584 laudatoque
758 1516 870 1569 proscr-

61 1570 121 1634 bie,
139 1570 213 1637 quod
224 1577 327 1633 monet,
344 1572 526 1642 urutarefie'ri
535 1589 630 1636 tenera,
645 1572 669 1625 si
680 1575 729 1625 dtu
739 1571 802 1624 celis
814 1587 869 1624 esra

63 1656 156 1694 tenea.
193 1640 255 1709 Ego
267 1657 332 1692 vero
345 1658 387 1694 mc
402 1643 491 1693 urinus
509 1641 557 1694 diu
569 1658 663 1694 senem
675 1640 870 1704 emamanuel,

43 1769 45 1772 v
63 1725 149 1779 quarn
164 1725 226 1762 esse
242 1726 335 1762 senem
353 1720 431 1777 ante,
455 1727 536 1780 quam
549 1727 647 1765 ensem.
684 1712 777 1779 itaque
788 1726 870 1763 nenro

62 1778 156 1848 adhuc
177 1782 323 1848 conuenire
342 1797 387 1834 me
407 1782 509 1844 voluit,
531 1782 577 1833 cui
592 1779 692 1833 fuerim
709 1790 860 1849 occupatus

63 1839 105 1903 itt
126 1850 265 1920 litminus
285 1848 500 1914 habuerimus,
521 1867 603 1919 quanr
615 1857 738 1904 rostrum
753 1851 861 1904 utervis

61 1917 106 1976 Ne
120 1934 172 1971 uus
188 1918 300 1986 quidem
316 1922 349 1972 T.
361 1919 457 1973 Pontii
472 1922 641 1973 centurionis
658 1923 732 1974 vires
747 1921 870 1975 hahetis÷

61 2004 130 2041 num
141 1988 248 2041 idcirco
264 1997 307 2041 est
323 1990 374 2043 ille
389 1991 593 2059 praestantiori
610 1991 772 2044 Moderatio
784 1990 869 2043 modo

61 2059 166 2110 virium
178 2059 262 2119 adsit,
276 2067 304 2111 et
313 2066 430 2123 tantum,
445 2068 578 2128 quantum
589 2068 692 2128 potest,
704 2064 818 2132 quisque
831 2061 869 2112 ni·

61 2136 157 2196 tatur:
167 2144 220 2180 nae
232 2129 281 2180 ille
292 2146 346 2181 non
357 2130 862 2198 magnodesideriotenebiturririum

61 2198 216 2268 Olympiae
230 2211 280 2264 per
297 2199 418 2251 stadium
437 2199 580 2267 ingressus
594 2218 655 2255 csse
670 2201 742 2254 Milo
759 2202 871 2254 dicitur.

61 2282 150 2336 qurum
161 2265 282 2320 humeris
296 2269 448 2321 sustineret
462 2271 561 2322 horem
572 2272 674 2325 rivum.
710 2273 808 2324 Utrum
820 2270 871 2337 igi·

58 2336 175 2396 turbas
187 2337 328 2404 corporis,
349 2354 383 2388 au
394 2336 575 2406 Pythagorae
588 2342 641 2394 tibi
655 2341 738 2392 malis
748 2341 871 2392 uiresin·

61 2405 144 2476 genii
164 2405 244 2457 darii
264 2406 391 2473 Denique
410 2409 467 2459 isto
486 2410 560 2461 hono
581 2418 675 2478 utare,
696 2411 761 2461 ‹iunr
782 2408 875 2471 adsitg·

58 2475 149 2544 ‚quum
161 2475 244 2539 absit,
258 2492 292 2527 nc
302 2480 443 2544 requiras:
454 2478 508 2529 nisi
519 2478 592 2532 forte
604 2480 796 2531 adolescentes
807 2492 873 2543 pue·

58 2547 177 2608 titiant,
197 2545 322 2612 peullurn
336 2556 427 2599 aetate
441 2549 584 2615 progressi
596 2548 813 2600 adolescentiam
825 2545 872 2596 de·

61 2612 132 2667 bunt
142 2619 293 2683 roquirere.
330 2617 433 2667 Cursus
444 2624 486 2669 cst
496 2624 589 2668 certus
600 2617 710 2678 autentis,
721 2624 750 2668 et
761 2631 816 2668 una
825 2615 873 2664 ria

61 2693 195 2750 naturae,
213 2701 301 2756 eaque
311 2685 442 2755 simplex:
462 2702 567 2755 suaque
579 2686 676 2754 cuique
686 2685 761 2755 parti
770 2682 872 2738 aetatis
