2084 3025
275 109 360 165 ΜΒ,
377 110 398 164 Ι.
435 109 520 168 csP.
540 109 583 167 10.
595 108 639 167 11.
815 109 851 167 1³

46 223 76 270 ot
85 232 121 272 ιι
131 214 277 269 eeleritate
284 221 514 283 contorquentur,
526 217 571 268 oui
581 231 634 284 ιιι
644 215 721 268 nulls
730 230 765 269 oe
775 217 851 284 sogi-

45 288 101 339 tari
112 286 226 354 quidem
236 288 337 352 possit*
369 286 401 336 ln
413 301 465 353 qua
476 301 532 337 nori
542 286 637 348 rideo,
652 287 762 338 ubinam
773 301 851 337 mens

46 362 177 408 constans
192 356 296 406 etrite
311 355 395 407 beuta
409 355 500 421 possit
512 356 657 408 insistere:
680 356 806 424 quodque
821 356 850 406 io

46 432 142 476 nostro
154 439 276 491 corpore
284 426 308 475 si
319 426 433 475 minima
445 439 479 477 ex
494 432 575 491 parte
589 426 774 493 significetur,
794 440 851 475 mo·

46 494 147 545 lestum
163 495 213 543 sit:
233 507 282 544 nur
293 493 346 544 hoo
360 494 434 545 idem
446 509 500 545 non
514 493 651 546 habeatur
661 495 808 546 molestum
822 494 851 544 in

46 562 123 615 Deoi
142 564 233 614 Terra
243 564 317 614 enim
324 562 463 629 prolecto,
475 565 606 630 quoniam
616 579 681 630 pars
693 563 786 614 mundi
798 569 850 625 est,

47 646 108 698 pers
120 638 165 684 est
176 633 264 683 etiam
274 632 338 684 Dei.
373 634 455 699 Atqui
465 639 557 685 terrae
568 634 702 685 maximas
712 635 851 700 regiones,

14 729 15 778 ι
46 700 244 754 inhabitabiles
256 707 340 767 atque
355 701 476 753 incultas
485 703 622 765 ridemus,
643 703 716 770 quod
731 717 796 770 pars
807 716 853 752 ea·

47 785 107 824 runs
124 771 244 836 appulsu
266 770 336 821 solis
358 772 506 832 exarserit,
528 786 591 839 pars
615 772 771 839 obriguerit
790 771 853 822 nire

14 841 209 910 pruinaque,
220 840 373 907 longinquo
385 840 454 891 solis
467 841 605 892 abscessu
642 841 729 902 Quae,
736 841 764 892 si
776 855 853 891 mno-

14 903 96 961 dus
107 916 150 961 est
159 909 247 972 Deus,
258 911 388 975 (ιιιιίιιι
400 915 494 975 partes
506 911 600 961 mundi
612 916 685 971 suut,
704 909 757 962 Del
769 925 853 961 mem·

14 980 94 1036 bra
104 980 209 1047 partim
217 979 355 1041 ardentia,
363 980 642 1047 partimrefrigerata
652 979 769 1031 dicenda
778 984 851 1030 sunt.

94 1049 138 1103 25.
157 1050 251 1115 Atque
261 1046 330 1099 baec
340 1048 451 1115 quidem
460 1057 564 1111 restro,
575 1049 677 1100 Lucili.
696 1049 798 1112 Qualia
808 1062 854 1100 ιι·

46 1133 77 1171 ru
89 1120 154 1182 sint,
166 1118 203 1168 ab
214 1113 315 1169 ultimo
323 1123 449 1185 repetem
461 1119 645 1185 superiorum.
663 1118 769 1171 Thales
779 1118 854 1169 enim

46 1187 193 1248 Milesius,
215 1189 273 1269 qui
289 1189 399 1253 pristim
421 1186 457 1239 de
474 1188 581 1240 talibus
600 1189 683 1240 rebus
705 1188 854 1256 quaesivit,

46 1267 148 1325 squmn
162 1251 237 1307 uixit
252 1266 313 1307 esso
328 1257 443 1306 initium
457 1272 564 1320 rernm,
584 1257 674 1310 Deum
686 1264 780 1309 sutem
792 1269 853 1308 ιιιι

47 1332 183 1384 mentem
203 1340 275 1391 qnae
286 1337 320 1377 ex
333 1337 406 1392 sque
420 1332 520 1378 eunom
531 1328 655 1394 lingeret
691 1327 722 1379 Si
733 1326 781 1378 Dil
793 1339 855 1392 pos·

47 1403 109 1448 snut
116 1406 186 1447 esso
197 1395 260 1446 sine
264 1409 355 1458 seusu,
371 1405 422 1445 eur
432 1409 520 1463 aquae
530 1399 670 1449 mentem
680 1395 856 1457 adiunxit,si

14 1467 107 1534 ὶιιι
121 1477 203 1516 meos
220 1472 348 1516 constare
366 1469 461 1531 potest
477 1480 580 1517 vacans
596 1465 727 1534 corporei
755 1464 855 1518 Anaxi

48 1534 158 1587 mandri
168 1540 261 1585 nutem
272 1532 368 1600 opimo
380 1534 431 1595 esi,
453 1537 565 1587 nativos
576 1552 638 1588 esse
649 1537 740 1598 Deos,
761 1535 855 1602 longis

50 1604 205 1657 intervallis
216 1605 342 1654 orientes
352 1603 576 1671 oouidentesque,
585 1620 689 1686 eosque
698 1606 855 1655 innumera·

54 1674 120 1726 biles
129 1671 329 1742 sisemundus.
341 1670 394 1723 Sed
406 1674 568 1734 nosDenm‚
579 1674 635 1723 nisi
647 1674 855 1757 sempiternum,

14 1678 16 1811 ἱ
51 1742 237 1825 ἰιιιὶἱὶιιιιι
238 1730 439 1808 ulpessumnsi
461 1742 504 1795 26.
516 1742 586 1794 Post
595 1744 779 1794 Anaximenes
790 1758 856 1795 uera

14 1810 135 1911 Deum
145 1757 260 1874 stabnt,
282 1826 398 1879 eumque
413 1810 504 1879 gigni,
526 1826 640 1896 esseque
652 1813 814 1866 immensum
827 1819 857 1863 ot

14 1844 213 1935 infinitum·
197 1889 227 1934 et
236 1892 347 1947 semper
362 1882 393 1933 io
406 1888 498 1935 moun
518 1884 600 1949 qnasi
611 1888 658 1934 aut
670 1888 718 1935 adr
728 1884 788 1937 sine
797 1883 857 1934 ulla

14 1946 138 2004 forma
147 1952 228 2004 Deus
237 1963 300 2004 esse
310 1952 409 2017 possit,
429 1964 512 2019 quum
522 1954 689 2018 praesertim
699 1954 789 2005 Deum
801 1968 856 2004 non

50 2022 130 2074 modo
152 2020 261 2088 aliqua,
281 2019 332 2072 sed
350 2019 553 2087 pulcherrimo
550 2022 650 2089 speeie
666 2039 726 2075 esse
742 2023 855 2087 deceat3

14 2144 15 2147 ,
50 2097 165 2144 autnon
176 2104 267 2153 omne,
285 2090 358 2158 quod
369 2096 461 2142 ortum
473 2091 520 2154 sit,
535 2092 694 2143 mortalitas
706 2106 856 2159 consequa·

49 2166 102 2214 tur.
121 2159 171 2212 XI.
181 2159 250 2212 lodo
259 2162 451 2244 Anaxagoras,
462 2161 510 2228 qui
522 2163 630 2227 aceepit
641 2162 676 2212 nb
685 2164 856 2216 Anaximene

46 2228 238 2296 disciplinam,
247 2232 354 2298 primus
363 2232 485 2282 omnium
496 2245 589 2282 rurum
600 2231 817 2298 descriptionem
827 2236 857 2283 et

49 2299 180 2362 modum,
199 2300 300 2352 mentis
315 2301 442 2352 infinitae
455 2301 485 2351 vi
500 2315 533 2351 ao
547 2300 658 2353 ratione
674 2301 816 2369 designari
827 2307 857 2352 et

48 2367 154 2422 confici
163 2369 263 2422 voluit·
282 2370 312 2421 in
324 2383 380 2436 quo
391 2384 445 2421 non
455 2370 535 2433 vidit,
540 2384 634 2452 ¹noque
644 2378 750 2423 motmo
763 2369 858 2421 sensui

48 2439 176 2492 iunctum
184 2445 213 2490 et
222 2438 439 2503 continentem,
430 2456 459 2492 ιι
469 2438 498 2491 lo
540 2440 580 2491 to
590 2441 678 2492 ullum
689 2454 750 2492 esso
761 2451 858 2505 ιιιιι.

48 2516 137 2578 utque
153 2524 267 2561 sensum
286 2508 409 2571 omniur),
429 2524 485 2577 quo
503 2526 522 2560 ι
578 2511 641 2576 ipsa
655 2516 758 2559 notura
777 2503 859 2571 pulsa

47 2580 176 2635 sentiret.
210 2577 356 2632 Deindo’
334 2594 360 2629 ιι
370 2585 489 2631 montem
499 2581 584 2631 istam
596 2578 678 2645 quasi
689 2573 794 2627 animal
809 2572 860 2621 ali·

14 2676 15 2679 ¹
47 2649 121 2718 quod
133 2664 197 2702 ιιιι
202 2649 315 2712 voluit,
334 2648 389 2701 erit
404 2646 512 2718 aliquid
527 2649 656 2708 intumus,
675 2660 710 2696 ex
721 2657 775 2710 quo
787 2637 859 2693 illuri
