2084 3025
195 196 229 250 78
457 192 727 246 Psnuuoxs.

106 330 112 338 .
194 300 284 355 virtus
301 304 344 351 est
360 280 535 350 consentiens
551 313 612 350 eum
626 298 734 349 ratione
749 304 778 349 et
792 303 929 364 perpetua
938 308 994 347 eou-

97 410 103 417 .
195 370 309 423 stantia.
327 368 406 420 Nihil
418 367 482 421 huic
494 370 558 421 addi
571 374 672 437 potest,
684 383 737 435 quo
750 368 840 434 stragis
852 368 941 419 virtus
950 366 995 417 sit:

193 439 264 493 nihil
281 438 367 501 demi,
388 445 419 489 ut
434 439 547 490 virtutis
563 454 662 490 nomeu
673 438 856 504 relinquatur.
893 434 997 488 Etenim

194 511 219 562 si
232 507 382 561 benefacta
397 517 473 561 recte
489 509 652 570 factasunt,
675 514 703 559 et
712 506 781 558 nihil
792 513 871 559 recto
882 506 995 570 rectiusz
1020 506 1023 510 ’

194 585 269 633 certe
285 595 319 630 ne
333 580 407 630 bono
425 580 538 648 quidem
548 578 648 631 melius
659 578 810 645 quidquam
821 576 942 627 inveniri
951 589 995 642 po·

164 714 167 719 ‚
194 656 258 703 test.
296 649 427 715 Sequitur
441 650 541 717 igitur,
562 656 595 700 ut
610 649 693 699 otiam
709 646 778 698 vitia
793 647 850 697 sint
862 646 955 712 paria:
975 642 995 694 si

194 719 306 788 quidem
318 720 471 786 pravitates
483 720 567 770 animi
578 725 654 783 recte
666 718 735 768 vitia
745 718 883 768 dicuntur,
920 714 997 782 Atqui

194 789 326 858 quoniam
342 804 423 856 pares
435 791 553 842 virtutes
562 796 638 840 sunt:
659 794 735 840 reete
746 787 836 849 facta,
860 784 997 853 quandos

193 860 345 911 virtutibus
356 859 578 926 proficiscuntur,
589 860 670 926 paria
680 874 740 909 esse
750 858 865 909 debent:
881 857 997 922 itemque

193 935 319 996 peecata,
338 933 469 996 quoniam
480 946 515 981 ex
525 931 733 990 vitiismauant,
747 929 802 978 siut
814 926 947 992 nequalia
958 938 998 975 ne-

194 1015 271 1051 cesse
283 1005 335 1050 est.
371 999 404 1050 11.
423 998 466 1051 23.
486 1000 511 1050 Α
517 998 700 1068 philosophis,
721 998 824 1065 inquis,
844 995 901 1047 ista
913 993 998 1047 sumit

192 1067 362 1131 Metuebam,
387 1085 421 1121 ne
433 1085 450 1119 a
461 1068 607 1122 lenonibus
620 1070 735 1120 diceres.
773 1067 903 1118 Socrates
914 1066 999 1133 disptt·

193 1137 274 1190 tabat
292 1137 444 1189 istomodo.
480 1139 557 1191 Bene
578 1139 672 1191 hercle
687 1153 792 1190 narras.
829 1136 903 1187 Nam
920 1137 999 1187 istun

48 1202 51 1207 ’
131 1221 134 1227 ’
194 1207 308 1259 ductum
321 1214 349 1258 et
359 1208 513 1275 sapientem
525 1211 614 1261 virum
627 1208 728 1271 fuisso,
751 1207 907 1258 memoriae
919 1203 999 1256 tradi·

193 1282 253 1327 turn
269 1283 321 1329 est.
358 1277 414 1330 Sed
431 1284 531 1331 tamon*
543 1294 645 1348 quaero
658 1290 691 1330 ex
703 1285 744 1340 te,
768 1277 897 1344 (wando
913 1275 999 1327 rerb'n

152 1366 155 1379 *
193 1347 330 1400 internos
343 1349 546 1412 contendimus,
564 1366 618 1400 non
631 1349 760 1416 pugnis,)
770 1354 864 1398 utrum
878 1344 999 1398 debonis

195 1424 238 1470 est
251 1418 436 1485 quaerendum
450 1419 516 1485 quid
526 1420 613 1473 baiuli
626 1426 709 1486 atque
720 1417 852 1484 operarii,
877 1426 923 1479 su,
941 1412 1000 1483 quid

194 1485 319 1540 hominos
332 1488 489 1544 doctissimi
501 1489 658 1542 senserint?
680 1487 844 1556 praesertim
857 1503 942 1555 quum
954 1484 1000 1536 itte

194 1559 336 1611 sententia
353 1575 409 1610 non
427 1560 511 1611 modo
529 1562 636 1623 verior,
658 1560 707 1611 sed
724 1575 758 1611 ne
774 1558 877 1609 utilior
895 1557 1000 1625 quidem

194 1626 337 1679 homiuum
353 1630 432 1681 ritae
445 1631 566 1696 reperiri
576 1630 635 1681 ulla
647 1629 746 1697 possit.
783 1628 863 1690 Quae
875 1629 922 1678 vis
932 1627 1001 1680 euru

195 1704 247 1761 est,
258 1714 328 1765 quae
339 1700 429 1767 uragis
442 1707 536 1752 arceat
543 1698 674 1768 ‚homines
687 1701 721 1751 ab
732 1699 917 1766 improbitate
923 1696 1001 1758 omni,

195 1783 276 1835 quam
290 1768 315 1820 si
326 1771 473 1834 senserint,
485 1770 591 1821 nullum
603 1772 632 1821 iu
644 1770 752 1821 delictis
765 1785 825 1821 esse
838 1766 1001 1820 discrimen

195 1851 284 1904 eoque
296 1853 414 1904 peceare
426 1856 465 1903 se,
477 1841 501 1892 si
512 1841 679 1908 privatisae
689 1840 715 1891 si
726 1839 944 1907 nragistratibus
952 1852 1001 1889 ms·
1027 1833 1029 1896 J

194 1922 246 1958 nus
258 1906 402 1961 adserenti
418 1926 618 1977 quamcumque
630 1911 658 1962 in
671 1909 783 1961 domum
795 1913 929 1975 stuprum
936 1909 1002 1958 iutu-

194 1975 289 2039 leriut,
301 1979 426 2032 eamdem
436 1997 497 2033 esse
508 1982 599 2033 labem
612 1978 754 2032 libidinist
775 1975 819 2031 24.
835 1966 948 2031 datin
956 1977 1001 2047 igi·

195 2055 242 2098 tur
254 2046 368 2101 interest
377 2053 456 2112 (uam
467 2049 521 2103 hoe
533 2050 607 2103 dicet
619 2050 736 2115 aliquis)
754 2058 862 2117 patrem
876 2047 938 2115 quis
949 2064 1001 2100 ests·

122 2161 126 2168 .
196 2123 248 2178 eet,
265 2132 301 2170 an
313 2121 435 2171 servum?
460 2115 543 2171 Nuda
554 2121 609 2171 ista
618 2121 643 2171 si
653 2135 750 2186 ponus,
768 2118 900 2181 iudicari,
911 2117 1001 2185 qualia

196 2184 261 2249 siut,
280 2203 336 2239 nou
347 2187 431 2241 facile
443 2197 568 2257 possunt.
605 2188 716 2242 Patrem
728 2189 788 2240 vita
798 2188 911 2255 privare
921 2188 946 2238 si
958 2199 1000 2254 per

96 2271 100 2276 ’
195 2271 227 2308 se
244 2257 335 2338 scelus
350 2264 405 2311 est:
426 2258 587 2328 Saguntini,
610 2260 657 2328 qui
673 2264 801 2326 parentes
816 2272 885 2310 suos
900 2258 1000 2309 liberos

147 2380 155 2388 ,
196 2341 300 2390 emori,
322 2343 404 2396 quam
427 2345 522 2382 servos
544 2330 637 2382 virere
653 2329 825 2390 maluerunt,
846 2327 1001 2395 parricidae

194 2394 315 2449 fuerunt.
352 2399 429 2468 Ergo
446 2406 475 2452 et
490 2397 602 2467 parenti
618 2413 823 2465 nonnumquam
840 2398 930 2450 adiuti
948 2396 1002 2447 rita

196 2465 257 2517 siue
272 2467 378 2520 scelere
394 2477 499 2535 potest:
522 2476 552 2522 et
566 2485 647 2522 servo
663 2484 747 2535 saepe
764 2469 1000 2539 sine-iniuriam

196 2541 300 2600 potest.
338 2539 444 2592 Caussa
456 2540 546 2607 igitur
557 2539 639 2604 haee,
659 2554 716 2590 non
729 2543 833 2591 natura
842 2535 1001 2605 distinguit3

197 2617 269 2668 quse
281 2607 391 2673 quaudo
404 2618 467 2662 utro
480 2612 609 2672 accessit,
618 2609 647 2660 id
658 2610 690 2660 fit
702 2609 885 2676 propensius3
901 2608 925 2659 si
932 2613 1001 2659 utro·

195 2683 252 2736 que
262 2674 395 2729 adiuncto
405 2680 453 2742 sit,
474 2682 554 2746 paria
565 2682 642 2744 fiant,
653 2695 767 2732 neeesse
779 2686 831 2731 est.
867 2677 913 2731 25.
935 2671 1001 2730 iilud

123 2815 126 2818 ι
167 2793 170 2801 ,
197 2743 291 2794 tomen
302 2743 427 2813 interest,
446 2739 522 2816 quod
531 2752 561 2802 iu
572 2765 654 2804 serso
665 2749 800 2816 uenando,
815 2748 842 2801 si
851 2749 928 2802 adsit
938 2745 1002 2801 inlu·

1024 2835 1027 2912 t
