2084 3025
166 43 203 99 os
406 32 497 92 vnn.
515 27 569 90 vr·
597 34 682 91 cte.
700 34 727 90 3.
802 1 817 53 Ὺ·

166 146 276 201 bienno.
291 162 297 179 ¹
312 142 372 197 Nos
385 142 475 210 iffitnr
485 141 647 205 divitiores,
667 140 716 209 qni
727 140 808 209 plura
820 140 976 194 habemns!

165 216 278 268 Utinam
289 213 411 280 quidem!
423 212 477 265 Sed
488 228 545 271 non
555 212 750 266 aestimatione
761 229 870 276 census,
880 227 976 264 remor

106 340 117 354 ,
164 285 241 337 victu
262 292 348 351 atque
364 284 442 335 cultu
456 285 625 338 terminatur
640 284 772 352 pecuniae
786 282 898 334 modus.
935 279 978 335 51.

165 354 230 409 Non
246 370 307 406 esse
323 354 467 420 cupidum,
489 358 607 421 pecunia
620 361 676 406 est:
698 368 754 405 non
770 369 833 406 esse
845 367 981 415 emacem,

116 427 128 437 '
165 423 289 492 vectigal
301 430 353 476 est.
390 425 557 476 Contentum
567 439 634 477 rero
648 423 705 487 suis
716 426 800 476 rebus
811 438 883 484 esse,
895 421 982 475 maxi·

165 509 233 557 mae,
240 499 304 546 sunt
314 494 542 561 certissimaeque
552 494 675 546 divitiae.
705 495 815 546 Etenim
827 497 852 544 si
863 494 915 544 isti
929 491 981 544 cal·

155 563 219 618 ‘lidi
229 579 322 617 rerum
339 566 536 616 aestimatores
552 570 634 631 prata
646 569 674 614 et
684 580 764 616 areas
777 563 915 631 quasdam
927 578 982 617 nra·

167 635 399 703 gnnaestinrant,
419 633 493 700 qnod
503 637 528 686 ei
541 635 637 700 generi
646 636 854 701 possessionum
868 634 982 684 nrintnre

168 704 249 772 qnasi
264 704 360 756 noceri
380 709 486 770 potest:
508 704 605 770 quanti
624 710 667 755 est
686 703 864 756 aestimanda
880 705 983 764 rirtns,

169 789 241 841 quae
255 789 307 825 nee
322 773 408 840 eripi,
427 788 479 825 neo
494 775 596 841 surripi
612 778 708 840 potest
721 790 868 842 umquam:
895 787 983 840 neque

168 844 318 915 neptragio
334 859 425 910 neque
444 844 573 896 incendio
593 847 745 896 amittitur:
766 845 861 896 neeri
877 851 984 910 tempe·

169 919 274 965 statum
294 929 346 966 nec
361 920 518 979 temporum
533 915 745 981 perturbatione
758 914 903 966 mutatur!
924 915 985 977 Qua

168 983 293 1050 praediti
308 983 357 1050 qui
374 989 452 1045 sunt,
470 984 526 1034 soii
541 988 607 1035 sont
621 983 731 1036 divites.
766 983 809 1036 52.
829 982 894 1036 Soli
911 980 983 1035 enim

165 1052 314 1121 possident
330 1060 421 1103 reset
435 1051 596 1104 fructuosas
613 1060 641 1104 et
651 1056 849 1122 sempiternam
872 1053 983 1120 solique

169 1121 259 1189 (qnod
276 1126 320 1174 est
335 1122 477 1188 proprium
488 1122 666 1185 divitiarum)
679 1126 802 1175 contenti
816 1124 906 1176 rebus
919 1123 983 1186 suis,

170 1191 312 1245 satisosse
323 1197 431 1259 putant,
449 1193 522 1259 qnod
533 1200 593 1259 est3
613 1192 684 1245 nihil
693 1209 728 1261 ep
750 1199 839 1257 etunt,
862 1194 982 1246 nullare

136 1264 139 1267 ’
170 1266 264 1329 egent,
273 1262 347 1312 nihil
357 1263 411 1313 sibi
422 1262 518 1315 deesse
529 1265 661 1326 sentiunt,
674 1209 914 1331 nihifreqnirunt:
936 1266 982 1315 im·
1023 1314 1024 1335 ζ

170 1331 252 1398 probi
262 1337 355 1383 antem
367 1338 395 1383 et
405 1333 492 1393 arari,
502 1335 632 1400 quoniam
647 1336 767 1387 incertas
778 1341 864 1403 atque
875 1337 908 1385 in
919 1348 982 1385 casu
1023 1340 1024 1345 ’

171 1404 278 1469 positas
291 1399 401 1464 hebent,
421 1407 450 1454 et
460 1402 522 1469 plus
534 1412 644 1470 semper
655 1408 803 1473 appetunt,
823 1419 981 1457 noseorum

172 1473 315 1542 quisquam
328 1471 418 1525 adhue
427 1473 556 1526 inventus
568 1480 618 1536 est,
638 1477 690 1540 eui,
712 1474 787 1543 quod
800 1472 929 1546 haberet,
945 1490 981 1528 es·

169 1547 215 1595 sot
225 1542 308 1607 satis3
325 1559 380 1594 non
391 1544 473 1595 modo
484 1559 540 1595 non
551 1546 659 1611 copiosi
671 1562 704 1598 ae
715 1546 824 1611 divites,
836 1546 888 1600 sed
899 1545 981 1601 etiam

170 1612 269 1682 inopes
280 1628 313 1666 so
323 1628 461 1684 pauperes
472 1615 651 1698 existimandi
660 1622 735 1670 sunt.
