2084 3025
188 159 240 220 114
372 160 424 214 nn
441 127 809 215 nsrunsnuonuu
855 116 860 126 ’

120 315 124 324 ,
188 281 241 318 nus
251 279 327 330 vera,
336 270 431 318 tamen
441 271 507 333 apta
517 264 591 318 inter
600 280 632 318 se
641 271 671 317 et
680 262 870 328 cohaerentia.
898 263 1003 330 ltaque

189 334 299 402 cogito,
318 340 350 385 ut
365 334 439 398 dixi,
458 350 515 401 pon
528 342 587 387 tam
601 335 732 388 refellere
751 335 812 386 eius
827 334 1002 397 orationem,

190 419 273 471 quam
287 419 334 465 eo,
353 419 425 472 quae
436 406 528 456 minus
540 405 687 467 intellexi,
701 404 854 472 requirere.
890 403 1002 465 Quare,

190 473 291 535 Balbe,
311 473 363 524 tibi
377 476 521 541 permitto,
539 474 745 541 responderene
759 472 827 524 mibi
841 472 944 534 malis,
965 471 1003 524 ds

191 541 310 609 singulis
319 544 402 595 rebus
412 544 559 611 quaerenti
569 559 605 596 ex
614 550 644 596 te
655 559 697 607 ea,
707 559 777 611 quae
786 558 883 610 parum
891 539 1005 607 melli»

191 628 227 663 an
239 611 396 664 universam
408 613 506 665 audire
515 614 670 666 orationem
679 628 780 666 meam.
797 614 870 665 'l’um
877 609 1003 661 Barnun

191 683 255 749 Ego
266 695 347 744 vero,
366 683 392 733 si
407 682 473 749 quid
488 682 633 748 explanari
647 683 701 733 tibi
716 683 808 744 voles,
826 679 1004 746 respendere

184 750 279 803 malo.
295 749 343 801 Sin
354 766 400 803 me
408 752 592 819 interrogare,
602 766 658 803 non
667 757 726 804 tam
736 749 916 816 intelligendi
921 761 1005 800 eaur-

192 835 233 882 sa,
245 834 329 887 quam
340 820 606 886 refellendi;·ntrum
614 822 702 884 voles,
713 819 833 873 faciam:
842 817 935 869 velud
947 817 1006 869 sin·

81 933 107 952 „
193 890 270 959 gula,
289 903 361 957 quae
371 890 506 958 requires,
526 891 623 942 statim
633 888 824 957 respondebo,
840 883 902 949 rel,
916 902 1006 956 quum

193 961 346 1028 peroraris,
353 960 390 1012 ad
402 960 504 1011 omnia.
539 958 566 1012 5.
577 961 650 1012 'l'um
659 962 753 1023 cotta,
763 958 884 1027 Optime,
898 955 1006 1023 inquit

195 1030 382 1091 Quamobrem
392 1029 434 1081 sie
445 1044 572 1100 agarum
590 1034 623 1081 ut
633 1045 685 1081 nos
694 1030 757 1098 ipsa
767 1028 844 1080 ducit
853 1025 939 1078 ratio.
969 1026 1007 1080 11.

194 1098 249 1151 Sed
260 1105 408 1165 antequam
420 1099 454 1151 de
463 1115 504 1161 re,
515 1114 605 1166 pauca
615 1100 651 1152 de
660 1115 714 1152 me.
737 1098 801 1151 Non
811 1097 886 1150 enim
895 1094 1008 1161 medio·

193 1168 281 1221 eriter
290 1182 406 1220 mereor
419 1170 591 1223 auctoritate
606 1175 673 1232 ma,
691 1168 795 1231 Balbe,
815 1166 1009 1232 orationeque

53 1290 58 1297 ,
83 1267 85 1270 ·
194 1255 238 1300 ea,
253 1252 323 1305 quae
334 1254 379 1291 me
388 1239 417 1289 in
427 1239 585 1307 perorando
596 1237 804 1300 cohortabatur,
818 1243 850 1288 ut
860 1234 1010 1287 meminis·

194 1323 267 1369 sem,
287 1323 332 1359 nae
348 1314 377 1360 et
386 1310 499 1361 Cottam
514 1324 592 1373 esse,
611 1315 640 1362 et
657 1307 828 1377 pontificem.
863 1303 947 1368 Quod
959 1318 1009 1369 eo,

195 1376 287 1440 erede,
302 1378 425 1442 valebat,
441 1385 474 1430 nt
483 1379 636 1447 opiniones,
651 1387 720 1447 quos
732 1375 911 1430 amaioribus
924 1388 1009 1427 aeca-

193 1448 285 1516 pimus
296 1446 330 1500 de
341 1448 405 1500 Diis
415 1449 639 1512 immortalibus,
653 1464 742 1510 saera,
753 1444 949 1506 caerimonias,
961 1458 1010 1497 re·

193 1517 367 1586 ligiouesque
387 1520 576 1573 defenderem.
610 1522 671 1589 Ego
690 1533 758 1572 vero
779 1532 828 1570 eas
849 1511 1010 1567 defendam

194 1602 317 1654 semper,
334 1602 498 1655 semperque
507 1589 629 1643 defendi:
647 1605 701 1642 nee
710 1604 755 1640 me
766 1603 802 1640 ex
812 1601 847 1638 ea
858 1583 1012 1650 opinione,

196 1668 307 1724 quam‘a
315 1658 469 1709 maioribus
481 1662 578 1724 accepi
587 1661 621 1712 de
634 1660 711 1712 eultu
721 1656 846 1709 Deorum
856 1655 1013 1706 immorta-

195 1727 278 1788 lium,
304 1727 390 1780 ullius
406 1742 536 1794 umquam
552 1727 644 1780 oratio
660 1734 710 1778 aut
724 1727 801 1778 docti
822 1730 873 1777 aut
889 1722 1011 1776 indocti

187 1796 327 1857 movebit.
364 1795 419 1848 Sed
429 1811 511 1862 quum
521 1796 556 1847 de
566 1796 704 1863 religione
715 1796 820 1862 agitur,
838 1793 883 1847 Ti.
896 1794 1011 1844 corun·

197 1866 317 1927 mnium,
336 1864 366 1916 P.
379 1864 545 1931 Scipionem,
560 1864 591 1917 Ρ.
602 1864 776 1928 Scaevolam,
786 1863 934 1931 pontifioes
944 1877 1011 1914 mu·

195 1937 295 1997 ximos,
315 1935 531 1997 nonZenonem
551 1940 601 1988 aut
612 1934 789 1998 Cleanthem,
807 1938 857 1989 aut
869 1930 1010 2000 Chrysip·

182 2020 260 2072 apum
275 2017 389 2070 sequor:
411 2001 558 2073 habeoque
571 2006 601 2057 C.
611 2004 740 2057 uenum
754 2015 906 2072 augurem,
927 2017 1009 2054 eum·

194 2075 315 2139 demque
323 2072 490 2139 sapientem3
500 2090 582 2143 quem
593 2075 686 2143 potius
696 2071 1009 2140 audium-dereligioue

194 2144 332 2201 dieentem
348 2143 377 2194 in
393 2143 445 2195 illa
460 2146 588 2198 oratione
608 2144 712 2208 nobili,
732 2157 814 2214 quam
835 2152 1010 2210 quemquam

129 2227 136 2239 ·
194 2212 347 2280 principem
362 2212 529 2268 Stoicorum.
565 2215 710 2283 Quumque
726 2213 815 2265 omnis
833 2211 933 2280 populi
948 2209 1008 2262 Ro·

194 2282 270 2333 insani
280 2283 382 2352 religio
393 2285 422 2335 in
433 2300 513 2338 sacra
524 2291 553 2338 et
562 2285 592 2336 in
602 2284 726 2352 auspicia
736 2283 828 2334 divisa
837 2281 888 2343 sit,
906 2286 936 2332 et
946 2285 1009 2332 ter·

194 2352 265 2402 tium
276 2353 438 2406 adiunctum
453 2355 505 2417 sit,
525 2354 626 2421 siquid
641 2352 841 2421 praedictionis
856 2365 957 2402 caussa
967 2363 1009 2401 ex

194 2423 331 2487 portentis
352 2430 381 2474 et
400 2424 531 2475 monstris
545 2423 673 2491 Sibyllae
692 2418 1010 2489 interpretes-haruspi-

195 2506 275 2543 eesve
287 2500 466 2544 monuerunt:
478 2491 577 2544 harum
588 2507 641 2560 ego
651 2493 704 2547 reli
727 2493 819 2543 'onum
830 2489 938 2540 nullam
944 2503 1010 2540 uni·

150 2570 152 2575 ’
194 2575 279 2625 quam
294 2562 522 2614 contemnendam
537 2563 647 2629 putavi3
667 2509 788 2630 miffique
808 2561 851 2611 lta
863 2557 1010 2625 persuasi,

195 2628 343 2681 Romulum
355 2632 494 2696 auspiciis,
516 2632 636 2684 Numam
647 2633 734 2683 saeris
743 2629 921 2699 constitutis,
942 2626 1011 2679 mn-

194 2698 327 2751 damenta
345 2700 445 2752 iecisse
464 2701 735 2769 nostraeqeivitatiss
756 2713 828 2769 quae
844 2696 1010 2763 *limium
