2084 3025
237 142 317 192 LlB.
336 142 356 194 l.
394 141 478 194 cnl’.
496 142 544 195 32„
557 142 612 195 33ss
767 140 820 197 399

21 246 102 315 igitur
112 245 216 306 omme,
234 260 316 311 quum
327 246 485 311 quaerimus
496 245 563 312 quid
575 245 690 309 deccat,
701 245 821 313 conrple·

23 318 55 368 cti
65 317 157 365 animo
170 320 201 365 et
209 315 381 380 cogitatione
397 315 537 369 debemus.
573 316 603 365 ln
619 317 715 383 primis
728 324 819 367 autem

1 377 3 438 l
21 383 236 438 constituendum
250 389 306 443 est,
327 398 395 448 quos
408 399 458 434 nos
470 391 497 435 et
515 385 611 449 quales
623 385 824 447 escendimus,

1 447 3 488 l
21 456 83 505 etin
94 469 149 520 quo
161 466 262 519 genere
273 453 361 502 vitaer
383 468 453 518 quae
465 454 631 508 deliberatio
647 462 689 506 est
700 455 822 505 onmium

22 523 189 574 difficillime.
226 521 347 572 Ineunte
361 523 433 572 enim
452 522 654 587 adolescentia,
677 538 758 590 quum
778 527 822 575 est

1 625 2 628 =
21 594 139 646 uictima
149 591 330 642 imbecillitas
342 592 460 654 consilii,
476 601 533 643 tum
547 593 575 641 id
587 594 638 642 sibi
650 594 764 659 quisque
776 607 822 658 ge·

20 678 68 713 uus
83 663 191 712 aetatis·
207 660 349 727 degendae
363 663 521 723 constituit,
543 663 616 730 quod
628 663 747 712 maxime
758 661 822 712 ade·

21 733 112 782 orarit.
149 732 246 796 ltaque
262 736 326 780 anto
342 730 504 796 implicatur
520 730 615 797 aliquo
632 738 708 780 certo
721 737 821 796 genere

21 816 154 866 cursuque
164 798 284 858 rirendi,
296 814 376 864 quum
388 800 488 865 potuit,
509 800 582 867 quod
594 800 727 864 optimum
740 805 822 862 esset,

19 870 150 922 iudicare.
188 865 247 918 118.
264 867 334 917 Nam
353 869 425 934 qood
442 869 591 921 Herculem
607 867 765 919 Prodieium
782 867 822 918 di·
885 869 888 876 ’

20 948 90 999 cunt,
100 946 134 988 ut
143 943 186 989 est
197 937 269 1003 apud
280 937 501 1004 Xenophontem,
514 953 596 1005 quum
609 938 726 1004 primum
738 937 821 1003 pube·

18 1015 119 1070 secret,
143 1035 175 1045 —
197 1006 271 1072 quod
292 1012 400 1074 tempus
422 1024 439 1058 a
457 1014 559 1059 natura
581 1008 616 1058 ad
636 1006 821 1074 deligendum,

18 1092 97 1143 quem
117 1076 234 1143 quisque
247 1075 321 1126 riam
337 1076 448 1127 uiuendi
464 1077 502 1127 sit
518 1073 703 1144 ingressurus,
725 1077 820 1127 datum

19 1155 82 1208 est,
97 1173 132 1184 -·
153 1145 245 1196 exisse
260 1145 289 1194 in
305 1144 482 1197 solitudinem
489 1182 503 1208 ,.
517 1149 606 1213 atque·
615 1148 656 1197 ibi
671 1146 821 1208 sedentem,

19 1217 64 1266 diu
75 1230 171 1267 secum
182 1214 353 1280 multumque
363 1215 515 1277 dubitasse,
521 1231 604 1283 quum
616 1217 684 1267 duae
697 1221 821 1267 cerneret

17 1286 85 1347 rias,
96 1281 353 1350 unemllolupteti'e,
365 1286 483 1337 alteram
492 1284 619 1347 Virtutis,
630 1290 720 1336 utram
732 1285 823 1349 ingre·

19 1355 46 1405 di
56 1354 258 1406 meliuscseet:
273 1352 326 1405 hoc
336 1355 462 1417 Herculi,
472 1355 548 1406 lovis
558 1354 719 1413 satuedito,
730 1352 822 1418 potuit

17 1426 138 1476 fortasse
150 1423 324 1491 contingere:
344 1426 427 1475 nobie·
443 1440 498 1475 non
512 1425 592 1487 item,
614 1423 659 1490 qui
671 1422 822 1483 imitamur,
902 1437 907 1446 ·

18 1509 87 1561 quos
99 1492 199 1560 cuique
210 1492 296 1544 risum
309 1500 364 1558 eet,
388 1502 471 1563 atque
489 1494 525 1545 ad
536 1508 631 1546 eorum
643 1491 736 1543 studia
745 1491 822 1541 insti·

18 1573 135 1630 tuteque
156 1562 344 1628 impellimurr·
370 1565 531 1632 plerumque
553 1571 645 1614 autem
667 1561 823 1629 parentium

17 1632 175 1700 praeceptis
185 1621 298 1695 imbuti,
317 1632 351 1683 nd
363 1650 459 1686 eorum
471 1633 697 1685 consuetudinem
709 1646 824 1681 morem·

18 1701 260 1773 quegdeducimur,
296 1703 357 1753 Alii
367 1703 555 1754 multitudinis
570 1702 673 1753 iudicio
684 1702 824 1764 seruntur3

18 1786 145 1840 quaeque
155 1772 256 1825 maiori
266 1772 340 1838 parti
350 1771 538 1838 pulcherrima
549 1772 684 1833 ridentur,
695 1786 728 1823 ea
739 1770 824 1820 uroxi-

17 1857 62 1893 me
74 1847 223 1906 exerptant:
241 1842 371 1892 nonnulli
378 1849 469 1893 tamen
481 1843 538 1893 sire
549 1842 684 1893 felicitate
696 1838 823 1907 quadam,

17 1913 78 1962 nire
90 1909 218 1962 bonitate
228 1915 359 1972 naturae„
369 1911 426 1963 sive
438 1912 595 1977 parentium
606 1910 761 1976 discipline,
782 1924 824 1961 re·

18 1988 91 2032 ctam
102 1980 179 2030 ritae
191 1981 452 2032 seeuttsuntriam..
474 1979 600 2032 xxxul.
619 1977 676 2032 llo.
696 1979 767 2030 lllud
778 1994 825 2029 cu·

19 2056 75 2101 tem
86 2047 211 2117 mraxime
222 2061 313 2100 rurum
328 2065 421 2116 genus·
433 2058 475 2101 eet
492 2065 602 2112 eorum,
623 2051 727 2117 qui·aut
737 2048 824 2100 excel·

17 2118 104 2170 lentis
114 2117 221 2185 ingenii
231 2119 434 2186 magnitudine,
454 2125 502 2169 aut
513 2120 656 2186 praeclara
669 2119 824 2170 eruditione

19 2194 106 2255 atque
117 2187 255 2248 doctrine,
276 2195 324 2239 cut
333 2196 450 2255 utraque
460 2204 491 2240 re
504 2189 609 2251 ornati,
627 2190 748 2254 spatium
759 2188 824 2238 deli·

19 2256 140 2309 berandi
155 2256 324 2319 habuerunt,
345 2273 425 2324 quem
441 2258 613 2324 potissimum
631 2259 704 2309 ritae
716 2271 824 2307 cursum

20 2326 99 2394 ecqui
118 2325 240 2377 vellent}
261 2336 314 2393 qu'a
328 2327 364 2378 in
375 2327 574 2380 deliberatione
590 2326 632 2377 od‘¹
642 2343 720 2379 suam
736 2326 825 2376 cuius-

20 2411 72 2462 que
81 2392 217 2446 naturem
229 2395 374 2448 consilium
387 2403 429 2447 est
440 2412 520 2448 onrne
532 2397 724 2448 revocandum.
752 2393 825 2452 Nam

19 2480 105 2531 quum
126 2465 157 2516 in
178 2466 318 2528 oninium,
339 2478 409 2532 quae
423 2472 542 2532 aguntur
558 2481 591 2518 ex
608 2481 641 2516 eo
655 2463 752 2521 modo,
772 2473 839 2524 quo.

20 2536 140 2600 quisque
152 2540 296 2596 natusest,
318 2542 348 2585 ut
360 2534 559 2599 supradictum
573 2540 623 2596 cet,
643 2531 708 2600 quid
721 2529 827 2587 deccat,

21 2603 213 2670 exquirimus3
234 2611 291 2654 tum
303 2604 331 2655 in
343 2611 403 2654 tota
413 2604 472 2654 vita
483 2601 677 2655 constituenda
686 2597 774 2648 multo
785 2600 827 2644 est

21 2673 48 2723 ei
58 2674 105 2726 rei
117 2687 187 2724 cura
197 2673 288 2724 nraior
297 2673 497 2738 adhibenda,ut
508 2679 637 2725 constare
646 2670 677 2719 io
686 2666 760 2717 ritae
770 2677 829 2728 per·
908 2696 913 2700 -
