<?xml version="1.0" encoding="UTF-8"?>
<!DOCTYPE html PUBLIC "-//W3C//DTD XHTML 1.0 Transitional//EN"
    "http://www.w3.org/TR/xhtml1/DTD/xhtml1-transitional.dtd">
<html xmlns="http://www.w3.org/1999/xhtml" xml:lang="en" lang="en">
 <head>
  <title>
</title>
<meta http-equiv="Content-Type" content="text/html;charset=utf-8" />
  <meta name='ocr-system' content='tesseract 3.04.00' />
  <meta name='ocr-capabilities' content='ocr_page ocr_carea ocr_par ocr_line ocrx_word'/>
</head>
<body>
  <div class='ocr_page' id='page_1' title='image "./opera00nobbgoog/opera00nobbgoog_0284.png"; bbox 0 0 2084 3025; ppageno 0'>
   <div class='ocr_carea' id='block_1_1' title="bbox 153 122 876 222">
    <p class='ocr_par' dir='ltr' id='par_1_1' title="bbox 153 122 876 222">
     <span class='ocr_line' id='line_1_1' title="bbox 153 122 876 222; baseline 0 -2"><span class='ocrx_word' id='word_1_1' title='bbox 153 122 238 222; x_wconf 41' lang='lat' dir='ltr'><strong>&#39;&#39;1ao</strong></span> <span class='ocrx_word' id='word_1_2' title='bbox 398 164 460 219; x_wconf 84' lang='lat' dir='ltr'><strong>oa</strong></span> <span class='ocrx_word' id='word_1_3' title='bbox 477 165 769 221; x_wconf 77' lang='lat' dir='ltr'><strong>urvrnnrrons</strong></span> <span class='ocrx_word' id='word_1_4' title='bbox 800 173 805 184; x_wconf 72' lang='grc'><strong><em>’</em></strong></span> <span class='ocrx_word' id='word_1_5' title='bbox 869 128 876 135; x_wconf 65' lang='grc'>’</span> 
     </span>
    </p>
   </div>
   <div class='ocr_carea' id='block_1_2' title="bbox 185 268 995 411">
    <p class='ocr_par' dir='ltr' id='par_1_2' title="bbox 185 268 995 411">
     <span class='ocr_line' id='line_1_2' title="bbox 185 268 994 341; baseline 0.001 -16"><span class='ocrx_word' id='word_1_6' title='bbox 185 278 242 325; x_wconf 91' lang='lat' dir='ltr'><strong>tem</strong></span> <span class='ocrx_word' id='word_1_7' title='bbox 257 277 335 323; x_wconf 82' lang='lat' dir='ltr'><strong>tuum</strong></span> <span class='ocrx_word' id='word_1_8' title='bbox 349 268 593 339; x_wconf 75' lang='lat' dir='ltr'><strong>laudatoremque,</strong></span> <span class='ocrx_word' id='word_1_9' title='bbox 609 273 741 341; x_wconf 77' lang='lat' dir='ltr'><strong>cognovi:</strong></span> <span class='ocrx_word' id='word_1_10' title='bbox 762 272 810 340; x_wconf 91' lang='lat' dir='ltr'><strong>qui</strong></span> <span class='ocrx_word' id='word_1_11' title='bbox 825 278 855 326; x_wconf 87' lang='lat' dir='ltr'><strong>et</strong></span> <span class='ocrx_word' id='word_1_12' title='bbox 875 279 994 326; x_wconf 82' lang='lat' dir='ltr'><strong>naturas</strong></span> 
     </span>
     <span class='ocr_line' id='line_1_3' title="bbox 186 340 995 411; baseline -0.004 -14"><span class='ocrx_word' id='word_1_13' title='bbox 186 342 334 403; x_wconf 86' lang='lat' dir='ltr'><strong>rationem,</strong></span> <span class='ocrx_word' id='word_1_14' title='bbox 350 354 433 407; x_wconf 87' lang='lat' dir='ltr'><strong>quam</strong></span> <span class='ocrx_word' id='word_1_15' title='bbox 443 340 650 411; x_wconf 78' lang='lat' dir='ltr'><strong>physiologiam</strong></span> <span class='ocrx_word' id='word_1_16' title='bbox 663 342 764 394; x_wconf 84' lang='lat' dir='ltr'><strong>Graeci</strong></span> <span class='ocrx_word' id='word_1_17' title='bbox 774 343 928 410; x_wconf 77' lang='lat' dir='ltr'><strong>appellant,</strong></span> <span class='ocrx_word' id='word_1_18' title='bbox 946 359 995 394; x_wconf 82' lang='lat' dir='ltr'><strong>no-</strong></span> 
     </span>
    </p>
   </div>
   <div class='ocr_carea' id='block_1_3' title="bbox 107 410 996 481">
    <p class='ocr_par' dir='ltr' id='par_1_3' title="bbox 107 410 996 481">
     <span class='ocr_line' id='line_1_4' title="bbox 107 410 996 481; baseline -0.002 -15"><span class='ocrx_word' id='word_1_19' title='bbox 107 465 111 471; x_wconf 86' lang='grc'><em>,</em></span> <span class='ocrx_word' id='word_1_20' title='bbox 186 419 245 466; x_wconf 80' lang='lat' dir='ltr'><strong>tam</strong></span> <span class='ocrx_word' id='word_1_21' title='bbox 256 426 318 464; x_wconf 85' lang='lat' dir='ltr'><strong>esse</strong></span> <span class='ocrx_word' id='word_1_22' title='bbox 327 410 382 463; x_wconf 89' lang='lat' dir='ltr'><strong>sibi</strong></span> <span class='ocrx_word' id='word_1_23' title='bbox 392 412 586 478; x_wconf 84' lang='lat' dir='ltr'><strong>profitebatur,</strong></span> <span class='ocrx_word' id='word_1_24' title='bbox 595 420 624 464; x_wconf 91' lang='lat' dir='ltr'><strong>ot</strong></span> <span class='ocrx_word' id='word_1_25' title='bbox 633 413 736 479; x_wconf 88' lang='lat' dir='ltr'><strong>partim</strong></span> <span class='ocrx_word' id='word_1_26' title='bbox 743 414 877 481; x_wconf 81' lang='lat' dir='ltr'><strong>auguriis,</strong></span> <span class='ocrx_word' id='word_1_27' title='bbox 886 414 996 480; x_wconf 85' lang='lat' dir='ltr'><strong>partim</strong></span> 
     </span>
    </p>
   </div>
   <div class='ocr_carea' id='block_1_4' title="bbox 185 482 1000 1249">
    <p class='ocr_par' dir='ltr' id='par_1_4' title="bbox 185 482 1000 1249">
     <span class='ocr_line' id='line_1_5' title="bbox 189 482 996 549; baseline 0.002 -17"><span class='ocrx_word' id='word_1_28' title='bbox 189 482 358 543; x_wconf 82' lang='lat' dir='ltr'><strong>coniectura,</strong></span> <span class='ocrx_word' id='word_1_29' title='bbox 368 496 439 549; x_wconf 87' lang='lat' dir='ltr'><strong>quae</strong></span> <span class='ocrx_word' id='word_1_30' title='bbox 450 488 545 534; x_wconf 86' lang='lat' dir='ltr'><strong>essent</strong></span> <span class='ocrx_word' id='word_1_31' title='bbox 555 482 659 544; x_wconf 82' lang='lat' dir='ltr'><strong>futura,</strong></span> <span class='ocrx_word' id='word_1_32' title='bbox 671 482 796 537; x_wconf 71' lang='lat' dir='ltr'><strong>dicebat:</strong></span> <span class='ocrx_word' id='word_1_33' title='bbox 823 488 852 534; x_wconf 88' lang='lat' dir='ltr'><strong>et</strong></span> <span class='ocrx_word' id='word_1_34' title='bbox 860 485 890 535; x_wconf 87' lang='lat' dir='ltr'><strong>iu</strong></span> <span class='ocrx_word' id='word_1_35' title='bbox 900 482 996 535; x_wconf 87' lang='lat' dir='ltr'><strong>Persis</strong></span> 
     </span>
     <span class='ocr_line' id='line_1_6' title="bbox 188 551 997 621; baseline -0.004 -15"><span class='ocrx_word' id='word_1_36' title='bbox 188 557 361 618; x_wconf 73' lang='lat' dir='ltr'><strong>augurantur</strong></span> <span class='ocrx_word' id='word_1_37' title='bbox 370 557 399 603; x_wconf 93' lang='lat' dir='ltr'><strong>et</strong></span> <span class='ocrx_word' id='word_1_38' title='bbox 409 551 537 603; x_wconf 78' lang='lat' dir='ltr'><strong>divinant</strong></span> <span class='ocrx_word' id='word_1_39' title='bbox 542 552 629 619; x_wconf 81' lang='lat' dir='ltr'><strong>Magi,</strong></span> <span class='ocrx_word' id='word_1_40' title='bbox 640 553 686 618; x_wconf 89' lang='lat' dir='ltr'><strong>qui</strong></span> <span class='ocrx_word' id='word_1_41' title='bbox 697 560 903 621; x_wconf 76' lang='lat' dir='ltr'><strong>congregantur</strong></span> <span class='ocrx_word' id='word_1_42' title='bbox 912 553 943 605; x_wconf 92' lang='lat' dir='ltr'><strong>in</strong></span> <span class='ocrx_word' id='word_1_43' title='bbox 955 551 997 603; x_wconf 81' lang='lat' dir='ltr'><strong>ia·</strong></span> 
     </span>
     <span class='ocr_line' id='line_1_7' title="bbox 188 621 998 691; baseline -0.002 -14"><span class='ocrx_word' id='word_1_44' title='bbox 188 636 225 677; x_wconf 88' lang='lat' dir='ltr'><strong>uo</strong></span> <span class='ocrx_word' id='word_1_45' title='bbox 237 621 442 673; x_wconf 87' lang='lat' dir='ltr'><strong>commentandi</strong></span> <span class='ocrx_word' id='word_1_46' title='bbox 453 636 565 684; x_wconf 85' lang='lat' dir='ltr'><strong>caussa,</strong></span> <span class='ocrx_word' id='word_1_47' title='bbox 584 631 669 689; x_wconf 85' lang='lat' dir='ltr'><strong>utque</strong></span> <span class='ocrx_word' id='word_1_48' title='bbox 679 623 753 676; x_wconf 81' lang='lat' dir='ltr'><strong>inter</strong></span> <span class='ocrx_word' id='word_1_49' title='bbox 763 639 793 675; x_wconf 90' lang='lat' dir='ltr'><strong>se</strong></span> <span class='ocrx_word' id='word_1_50' title='bbox 803 622 998 691; x_wconf 76' lang='lat' dir='ltr'><strong>colloquendi:</strong></span> 
     </span>
     <span class='ocr_line' id='line_1_8' title="bbox 188 689 999 759; baseline 0.002 -17"><span class='ocrx_word' id='word_1_51' title='bbox 188 691 263 759; x_wconf 89' lang='lat' dir='ltr'><strong>quod</strong></span> <span class='ocrx_word' id='word_1_52' title='bbox 274 691 358 743; x_wconf 87' lang='lat' dir='ltr'><strong>etiam</strong></span> <span class='ocrx_word' id='word_1_53' title='bbox 368 691 444 751; x_wconf 86' lang='lat' dir='ltr'><strong>idem</strong></span> <span class='ocrx_word' id='word_1_54' title='bbox 459 706 515 751; x_wconf 81' lang='lat' dir='ltr'><strong>vos.</strong></span> <span class='ocrx_word' id='word_1_55' title='bbox 525 691 664 758; x_wconf 83' lang='lat' dir='ltr'><strong>quondam</strong></span> <span class='ocrx_word' id='word_1_56' title='bbox 674 689 769 745; x_wconf 84' lang='lat' dir='ltr'><strong>lacere</strong></span> <span class='ocrx_word' id='word_1_57' title='bbox 778 692 867 744; x_wconf 87' lang='lat' dir='ltr'><strong>Nonis</strong></span> <span class='ocrx_word' id='word_1_58' title='bbox 885 693 999 745; x_wconf 86' lang='lat' dir='ltr'><strong>soleba·</strong></span> 
     </span>
     <span class='ocr_line' id='line_1_9' title="bbox 187 758 998 829; baseline 0 -15"><span class='ocrx_word' id='word_1_59' title='bbox 187 761 235 814; x_wconf 84' lang='lat' dir='ltr'><strong>tis.</strong></span> <span class='ocrx_word' id='word_1_60' title='bbox 270 758 314 815; x_wconf 83' lang='lat' dir='ltr'><strong>oi.</strong></span> <span class='ocrx_word' id='word_1_61' title='bbox 335 761 394 814; x_wconf 89' lang='lat' dir='ltr'><strong>Nec</strong></span> <span class='ocrx_word' id='word_1_62' title='bbox 408 762 553 829; x_wconf 85' lang='lat' dir='ltr'><strong>quisquam</strong></span> <span class='ocrx_word' id='word_1_63' title='bbox 570 762 630 814; x_wconf 85' lang='lat' dir='ltr'><strong>Rex</strong></span> <span class='ocrx_word' id='word_1_64' title='bbox 644 760 792 814; x_wconf 87' lang='lat' dir='ltr'><strong>Persarum</strong></span> <span class='ocrx_word' id='word_1_65' title='bbox 812 769 907 829; x_wconf 88' lang='lat' dir='ltr'><strong>potest</strong></span> <span class='ocrx_word' id='word_1_66' title='bbox 924 777 998 825; x_wconf 85' lang='lat' dir='ltr'><strong>esse,</strong></span> 
     </span>
     <span class='ocr_line' id='line_1_10' title="bbox 187 830 1000 900; baseline 0.002 -18"><span class='ocrx_word' id='word_1_67' title='bbox 187 830 236 899; x_wconf 91' lang='lat' dir='ltr'><strong>qui</strong></span> <span class='ocrx_word' id='word_1_68' title='bbox 247 846 301 883; x_wconf 91' lang='lat' dir='ltr'><strong>non</strong></span> <span class='ocrx_word' id='word_1_69' title='bbox 312 832 530 898; x_wconf 82' lang='lat' dir='ltr'><strong>anteMagorum</strong></span> <span class='ocrx_word' id='word_1_70' title='bbox 541 831 719 900; x_wconf 80' lang='lat' dir='ltr'><strong>disciplinam</strong></span> <span class='ocrx_word' id='word_1_71' title='bbox 730 833 1000 900; x_wconf 85' lang='lat' dir='ltr'><strong>scientiamqueper·</strong></span> 
     </span>
     <span class='ocr_line' id='line_1_11' title="bbox 188 901 999 969; baseline 0 -15"><span class='ocrx_word' id='word_1_72' title='bbox 188 901 302 968; x_wconf 86' lang='lat' dir='ltr'><strong>ceperit.</strong></span> <span class='ocrx_word' id='word_1_73' title='bbox 338 901 420 954; x_wconf 87' lang='lat' dir='ltr'><strong>Licet</strong></span> <span class='ocrx_word' id='word_1_74' title='bbox 431 902 633 954; x_wconf 43' lang='lat' dir='ltr'><strong>autemvuidere</strong></span> <span class='ocrx_word' id='word_1_75' title='bbox 644 908 672 954; x_wconf 90' lang='lat' dir='ltr'><strong>et</strong></span> <span class='ocrx_word' id='word_1_76' title='bbox 683 916 786 969; x_wconf 82' lang='lat' dir='ltr'><strong>genera</strong></span> <span class='ocrx_word' id='word_1_77' title='bbox 797 901 948 969; x_wconf 87' lang='lat' dir='ltr'><strong>quaedam,</strong></span> <span class='ocrx_word' id='word_1_78' title='bbox 968 906 999 954; x_wconf 89' lang='lat' dir='ltr'><strong>et</strong></span> 
     </span>
     <span class='ocr_line' id='line_1_12' title="bbox 188 969 999 1033; baseline 0 -11"><span class='ocrx_word' id='word_1_79' title='bbox 188 970 316 1033; x_wconf 81' lang='lat' dir='ltr'><strong>nationes</strong></span> <span class='ocrx_word' id='word_1_80' title='bbox 327 969 391 1022; x_wconf 89' lang='lat' dir='ltr'><strong>huic</strong></span> <span class='ocrx_word' id='word_1_81' title='bbox 399 971 536 1024; x_wconf 79' lang='lat' dir='ltr'><strong>scientiae</strong></span> <span class='ocrx_word' id='word_1_82' title='bbox 546 971 667 1024; x_wconf 88' lang='lat' dir='ltr'><strong>deditas.</strong></span> <span class='ocrx_word' id='word_1_83' title='bbox 700 972 860 1025; x_wconf 78' lang='lat' dir='ltr'><strong>Telmessus</strong></span> <span class='ocrx_word' id='word_1_84' title='bbox 870 972 899 1023; x_wconf 88' lang='lat' dir='ltr'><strong>in</strong></span> <span class='ocrx_word' id='word_1_85' title='bbox 911 972 999 1024; x_wconf 81' lang='lat' dir='ltr'><strong>Caria</strong></span> 
     </span>
     <span class='ocr_line' id='line_1_13' title="bbox 189 1039 998 1109; baseline 0 -16"><span class='ocrx_word' id='word_1_86' title='bbox 189 1047 245 1093; x_wconf 85' lang='lat' dir='ltr'><strong>ost:</strong></span> <span class='ocrx_word' id='word_1_87' title='bbox 257 1055 312 1106; x_wconf 92' lang='lat' dir='ltr'><strong>qua</strong></span> <span class='ocrx_word' id='word_1_88' title='bbox 323 1040 352 1091; x_wconf 87' lang='lat' dir='ltr'><strong>ia</strong></span> <span class='ocrx_word' id='word_1_89' title='bbox 361 1041 430 1093; x_wconf 88' lang='lat' dir='ltr'><strong>urbe</strong></span> <span class='ocrx_word' id='word_1_90' title='bbox 440 1039 555 1093; x_wconf 76' lang='lat' dir='ltr'><strong>excellit</strong></span> <span class='ocrx_word' id='word_1_91' title='bbox 560 1039 735 1108; x_wconf 83' lang='lat' dir='ltr'><strong>haruspicum</strong></span> <span class='ocrx_word' id='word_1_92' title='bbox 741 1041 808 1094; x_wconf 88' lang='lat' dir='ltr'><strong>disci</strong></span> <span class='ocrx_word' id='word_1_93' title='bbox 812 1041 897 1109; x_wconf 89' lang='lat' dir='ltr'><strong>plina.</strong></span> <span class='ocrx_word' id='word_1_94' title='bbox 913 1042 998 1093; x_wconf 86' lang='lat' dir='ltr'><strong>item·</strong></span> 
     </span>
     <span class='ocr_line' id='line_1_14' title="bbox 190 1108 998 1178; baseline 0.006 -19"><span class='ocrx_word' id='word_1_95' title='bbox 190 1125 243 1176; x_wconf 85' lang='lat' dir='ltr'><strong>que</strong></span> <span class='ocrx_word' id='word_1_96' title='bbox 255 1109 316 1159; x_wconf 85' lang='lat' dir='ltr'><strong>Elis</strong></span> <span class='ocrx_word' id='word_1_97' title='bbox 327 1109 357 1160; x_wconf 91' lang='lat' dir='ltr'><strong>in</strong></span> <span class='ocrx_word' id='word_1_98' title='bbox 366 1108 559 1178; x_wconf 82' lang='lat' dir='ltr'><strong>Peloponneso</strong></span> <span class='ocrx_word' id='word_1_99' title='bbox 575 1109 700 1163; x_wconf 87' lang='lat' dir='ltr'><strong>lanrilias</strong></span> <span class='ocrx_word' id='word_1_100' title='bbox 716 1111 785 1164; x_wconf 88' lang='lat' dir='ltr'><strong>duas</strong></span> <span class='ocrx_word' id='word_1_101' title='bbox 795 1119 889 1164; x_wconf 85' lang='lat' dir='ltr'><strong>certas</strong></span> <span class='ocrx_word' id='word_1_102' title='bbox 901 1110 998 1173; x_wconf 77' lang='lat' dir='ltr'><strong>habet,</strong></span> 
     </span>
     <span class='ocr_line' id='line_1_15' title="bbox 185 1177 997 1249; baseline 0.004 -18"><span class='ocrx_word' id='word_1_103' title='bbox 185 1177 355 1231; x_wconf 79' lang='lat' dir='ltr'><strong>inmidorum</strong></span> <span class='ocrx_word' id='word_1_104' title='bbox 365 1194 457 1241; x_wconf 78' lang='lat' dir='ltr'><strong>unani,</strong></span> <span class='ocrx_word' id='word_1_105' title='bbox 470 1180 587 1233; x_wconf 86' lang='lat' dir='ltr'><strong>alteram</strong></span> <span class='ocrx_word' id='word_1_106' title='bbox 599 1180 784 1249; x_wconf 83' lang='lat' dir='ltr'><strong>Clytidarunr‚</strong></span> <span class='ocrx_word' id='word_1_107' title='bbox 799 1180 997 1248; x_wconf 72' lang='lat' dir='ltr'><strong>haruspicinae</strong></span> 
     </span>
    </p>
   </div>
   <div class='ocr_carea' id='block_1_5' title="bbox 53 1246 998 1318">
    <p class='ocr_par' dir='ltr' id='par_1_5' title="bbox 53 1246 998 1318">
     <span class='ocr_line' id='line_1_16' title="bbox 53 1246 998 1318; baseline 0.007 -21"><span class='ocrx_word' id='word_1_108' title='bbox 53 1290 57 1297; x_wconf 86' lang='lat'><em>.</em></span> <span class='ocrx_word' id='word_1_109' title='bbox 94 1295 100 1301; x_wconf 76' lang='grc'><strong>,</strong></span> <span class='ocrx_word' id='word_1_110' title='bbox 187 1247 337 1301; x_wconf 88' lang='lat' dir='ltr'><strong>nobilitate</strong></span> <span class='ocrx_word' id='word_1_111' title='bbox 347 1255 531 1314; x_wconf 84' lang='lat' dir='ltr'><strong>praestantes.</strong></span> <span class='ocrx_word' id='word_1_112' title='bbox 553 1250 585 1302; x_wconf 89' lang='lat' dir='ltr'><strong>ln</strong></span> <span class='ocrx_word' id='word_1_113' title='bbox 596 1246 679 1318; x_wconf 85' lang='lat' dir='ltr'><strong>Syria</strong></span> <span class='ocrx_word' id='word_1_114' title='bbox 689 1249 823 1303; x_wconf 81' lang='lat' dir='ltr'><strong>Chaldaei</strong></span> <span class='ocrx_word' id='word_1_115' title='bbox 833 1252 998 1318; x_wconf 79' lang='lat' dir='ltr'><strong>cognitione</strong></span> 
     </span>
    </p>
   </div>
   <div class='ocr_carea' id='block_1_6' title="bbox 164 1318 997 2789">
    <p class='ocr_par' dir='ltr' id='par_1_6' title="bbox 164 1318 997 2789">
     <span class='ocr_line' id='line_1_17' title="bbox 187 1318 997 1388; baseline 0.006 -19"><span class='ocrx_word' id='word_1_116' title='bbox 187 1326 325 1372; x_wconf 81' lang='lat' dir='ltr'><strong>astrorum</strong></span> <span class='ocrx_word' id='word_1_117' title='bbox 341 1318 524 1387; x_wconf 65' lang='lat' dir='ltr'><strong>sollertiaque</strong></span> <span class='ocrx_word' id='word_1_118' title='bbox 541 1319 717 1388; x_wconf 81' lang='lat' dir='ltr'><strong>ingeniorum</strong></span> <span class='ocrx_word' id='word_1_119' title='bbox 734 1320 914 1373; x_wconf 85' lang='lat' dir='ltr'><strong>antecellunt.</strong></span> <span class='ocrx_word' id='word_1_120' title='bbox 950 1321 997 1374; x_wconf 79' lang='lat'><strong>92.</strong></span> 
     </span>
     <span class='ocr_line' id='line_1_18' title="bbox 186 1387 996 1447; baseline 0 -6"><span class='ocrx_word' id='word_1_121' title='bbox 186 1387 302 1441; x_wconf 81' lang='lat' dir='ltr'><strong>Etruria</strong></span> <span class='ocrx_word' id='word_1_122' title='bbox 313 1393 407 1441; x_wconf 82' lang='lat' dir='ltr'><strong>auten</strong></span> <span class='ocrx_word' id='word_1_123' title='bbox 418 1389 538 1443; x_wconf 87' lang='lat' dir='ltr'><strong>decaolo</strong></span> <span class='ocrx_word' id='word_1_124' title='bbox 549 1390 996 1447; x_wconf 79' lang='lat' dir='ltr'><strong>taetaseientissiureanimadrer·</strong></span> 
     </span>
     <span class='ocr_line' id='line_1_19' title="bbox 186 1457 997 1535; baseline 0.002 -25"><span class='ocrx_word' id='word_1_125' title='bbox 186 1458 236 1510; x_wconf 84' lang='lat' dir='ltr'><strong>tit:</strong></span> <span class='ocrx_word' id='word_1_126' title='bbox 256 1457 408 1527; x_wconf 88' lang='lat' dir='ltr'><strong>eademque</strong></span> <span class='ocrx_word' id='word_1_127' title='bbox 421 1459 638 1529; x_wconf 85' lang='lat' dir='ltr'><strong>interpretatur,</strong></span> <span class='ocrx_word' id='word_1_128' title='bbox 661 1460 728 1529; x_wconf 91' lang='lat' dir='ltr'><strong>quid</strong></span> <span class='ocrx_word' id='word_1_129' title='bbox 738 1460 890 1535; x_wconf 82' lang='lat' dir='ltr'><strong>quibusque</strong></span> <span class='ocrx_word' id='word_1_130' title='bbox 901 1466 997 1514; x_wconf 85' lang='lat' dir='ltr'><strong>osteo·</strong></span> 
     </span>
     <span class='ocr_line' id='line_1_20' title="bbox 186 1528 997 1598; baseline -0.002 -14"><span class='ocrx_word' id='word_1_131' title='bbox 186 1528 269 1584; x_wconf 83' lang='lat' dir='ltr'><strong>datur</strong></span> <span class='ocrx_word' id='word_1_132' title='bbox 279 1530 411 1582; x_wconf 84' lang='lat' dir='ltr'><strong>monstris</strong></span> <span class='ocrx_word' id='word_1_133' title='bbox 422 1538 506 1598; x_wconf 86' lang='lat' dir='ltr'><strong>atque</strong></span> <span class='ocrx_word' id='word_1_134' title='bbox 516 1533 665 1597; x_wconf 82' lang='lat' dir='ltr'><strong>portentis.</strong></span> <span class='ocrx_word' id='word_1_135' title='bbox 688 1532 826 1595; x_wconf 73' lang='lat' dir='ltr'><strong>Quocirca</strong></span> <span class='ocrx_word' id='word_1_136' title='bbox 837 1532 908 1583; x_wconf 87' lang='lat' dir='ltr'><strong>bene</strong></span> <span class='ocrx_word' id='word_1_137' title='bbox 919 1530 997 1598; x_wconf 88' lang='lat' dir='ltr'><strong>apud</strong></span> 
     </span>
     <span class='ocr_line' id='line_1_21' title="bbox 185 1599 997 1668; baseline 0.001 -18"><span class='ocrx_word' id='word_1_138' title='bbox 185 1599 309 1653; x_wconf 87' lang='lat' dir='ltr'><strong>maiores</strong></span> <span class='ocrx_word' id='word_1_139' title='bbox 320 1607 432 1653; x_wconf 85' lang='lat' dir='ltr'><strong>nostros</strong></span> <span class='ocrx_word' id='word_1_140' title='bbox 442 1599 572 1665; x_wconf 82' lang='lat' dir='ltr'><strong>Senatus,</strong></span> <span class='ocrx_word' id='word_1_141' title='bbox 590 1608 663 1664; x_wconf 89' lang='lat' dir='ltr'><strong>tum,</strong></span> <span class='ocrx_word' id='word_1_142' title='bbox 683 1616 767 1668; x_wconf 89' lang='lat' dir='ltr'><strong>quum</strong></span> <span class='ocrx_word' id='word_1_143' title='bbox 776 1600 897 1654; x_wconf 85' lang='lat' dir='ltr'><strong>florebat</strong></span> <span class='ocrx_word' id='word_1_144' title='bbox 907 1601 997 1667; x_wconf 88' lang='lat' dir='ltr'><strong>impe·</strong></span> 
     </span>
     <span class='ocr_line' id='line_1_22' title="bbox 185 1669 995 1738; baseline 0.001 -16"><span class='ocrx_word' id='word_1_145' title='bbox 185 1670 272 1733; x_wconf 81' lang='lat' dir='ltr'><strong>rium,</strong></span> <span class='ocrx_word' id='word_1_146' title='bbox 293 1669 428 1733; x_wconf 84' lang='lat' dir='ltr'><strong>decrevit,</strong></span> <span class='ocrx_word' id='word_1_147' title='bbox 442 1677 482 1723; x_wconf 70' lang='lat' dir='ltr'><strong>vut</strong></span> <span class='ocrx_word' id='word_1_148' title='bbox 498 1671 533 1722; x_wconf 90' lang='lat' dir='ltr'><strong>de</strong></span> <span class='ocrx_word' id='word_1_149' title='bbox 552 1670 707 1738; x_wconf 86' lang='lat' dir='ltr'><strong>principum</strong></span> <span class='ocrx_word' id='word_1_150' title='bbox 724 1671 792 1725; x_wconf 86' lang='lat' dir='ltr'><strong>liliis</strong></span> <span class='ocrx_word' id='word_1_151' title='bbox 807 1686 857 1724; x_wconf 83' lang='lat' dir='ltr'><strong>sex</strong></span> <span class='ocrx_word' id='word_1_152' title='bbox 872 1671 995 1738; x_wconf 83' lang='lat' dir='ltr'><strong>singulis</strong></span> 
     </span>
     <span class='ocr_line' id='line_1_23' title="bbox 185 1739 995 1807; baseline 0.004 -15"><span class='ocrx_word' id='word_1_153' title='bbox 185 1739 318 1792; x_wconf 81' lang='lat' dir='ltr'><strong>Etruriae</strong></span> <span class='ocrx_word' id='word_1_154' title='bbox 329 1740 440 1807; x_wconf 88' lang='lat' dir='ltr'><strong>populis</strong></span> <span class='ocrx_word' id='word_1_155' title='bbox 453 1741 484 1792; x_wconf 92' lang='lat' dir='ltr'><strong>in</strong></span> <span class='ocrx_word' id='word_1_156' title='bbox 497 1740 675 1807; x_wconf 80' lang='lat' dir='ltr'><strong>disciplinam</strong></span> <span class='ocrx_word' id='word_1_157' title='bbox 686 1740 877 1802; x_wconf 87' lang='lat' dir='ltr'><strong>traderentur,</strong></span> <span class='ocrx_word' id='word_1_158' title='bbox 898 1756 995 1795; x_wconf 73' lang='lat' dir='ltr'><strong>noars</strong></span> 
     </span>
     <span class='ocr_line' id='line_1_24' title="bbox 184 1810 996 1879; baseline 0.002 -18"><span class='ocrx_word' id='word_1_159' title='bbox 184 1815 273 1871; x_wconf 85' lang='lat' dir='ltr'><strong>tanta,</strong></span> <span class='ocrx_word' id='word_1_160' title='bbox 289 1816 404 1876; x_wconf 87' lang='lat' dir='ltr'><strong>propter</strong></span> <span class='ocrx_word' id='word_1_161' title='bbox 413 1810 581 1862; x_wconf 84' lang='lat' dir='ltr'><strong>tenuitatem</strong></span> <span class='ocrx_word' id='word_1_162' title='bbox 593 1810 749 1873; x_wconf 77' lang='lat' dir='ltr'><strong>hominum,</strong></span> <span class='ocrx_word' id='word_1_163' title='bbox 760 1811 934 1879; x_wconf 74' lang='lat' dir='ltr'><strong>irreligionis</strong></span> <span class='ocrx_word' id='word_1_164' title='bbox 945 1827 996 1863; x_wconf 88' lang='lat' dir='ltr'><strong>au·</strong></span> 
     </span>
     <span class='ocr_line' id='line_1_25' title="bbox 185 1874 995 1948; baseline 0.006 -19"><span class='ocrx_word' id='word_1_165' title='bbox 185 1880 318 1938; x_wconf 81' lang='lat' dir='ltr'><strong>ctoritate</strong></span> <span class='ocrx_word' id='word_1_166' title='bbox 329 1877 513 1931; x_wconf 88' lang='lat' dir='ltr'><strong>abduceretur</strong></span> <span class='ocrx_word' id='word_1_167' title='bbox 521 1876 559 1930; x_wconf 87' lang='lat' dir='ltr'><strong>ad</strong></span> <span class='ocrx_word' id='word_1_168' title='bbox 573 1874 729 1933; x_wconf 88' lang='lat' dir='ltr'><strong>mercedem</strong></span> <span class='ocrx_word' id='word_1_169' title='bbox 740 1886 824 1948; x_wconf 86' lang='lat' dir='ltr'><strong>atque</strong></span> <span class='ocrx_word' id='word_1_170' title='bbox 835 1887 995 1948; x_wconf 84' lang='lat' dir='ltr'><strong>quaestum.</strong></span> 
     </span>
     <span class='ocr_line' id='line_1_26' title="bbox 183 1943 995 2016; baseline 0 -15"><span class='ocrx_word' id='word_1_171' title='bbox 183 1943 310 2016; x_wconf 77' lang='lat' dir='ltr'><strong>Phryges</strong></span> <span class='ocrx_word' id='word_1_172' title='bbox 321 1953 415 2000; x_wconf 81' lang='lat' dir='ltr'><strong>autem</strong></span> <span class='ocrx_word' id='word_1_173' title='bbox 426 1956 455 2001; x_wconf 89' lang='lat' dir='ltr'><strong>et</strong></span> <span class='ocrx_word' id='word_1_174' title='bbox 465 1948 576 2002; x_wconf 89' lang='lat' dir='ltr'><strong>Pisidae</strong></span> <span class='ocrx_word' id='word_1_175' title='bbox 587 1956 616 2002; x_wconf 88' lang='lat' dir='ltr'><strong>et</strong></span> <span class='ocrx_word' id='word_1_176' title='bbox 626 1950 727 2003; x_wconf 84' lang='lat' dir='ltr'><strong>Cilices</strong></span> <span class='ocrx_word' id='word_1_177' title='bbox 742 1958 772 2004; x_wconf 90' lang='lat' dir='ltr'><strong>ct</strong></span> <span class='ocrx_word' id='word_1_178' title='bbox 781 1951 901 2002; x_wconf 84' lang='lat' dir='ltr'><strong>Arabum</strong></span> <span class='ocrx_word' id='word_1_179' title='bbox 913 1952 995 2001; x_wconf 88' lang='lat' dir='ltr'><strong>natio</strong></span> 
     </span>
     <span class='ocr_line' id='line_1_27' title="bbox 183 2017 996 2089; baseline 0.001 -19"><span class='ocrx_word' id='word_1_180' title='bbox 183 2017 276 2070; x_wconf 83' lang='lat' dir='ltr'><strong>arium</strong></span> <span class='ocrx_word' id='word_1_181' title='bbox 286 2017 905 2089; x_wconf 78' lang='lat' dir='ltr'><strong>significationibusploriarumobtemperant:</strong></span> <span class='ocrx_word' id='word_1_182' title='bbox 917 2019 996 2088; x_wconf 90' lang='lat' dir='ltr'><strong>quod</strong></span> 
     </span>
     <span class='ocr_line' id='line_1_28' title="bbox 182 2085 770 2157; baseline 0.005 -17"><span class='ocrx_word' id='word_1_183' title='bbox 182 2085 257 2140; x_wconf 82' lang='lat' dir='ltr'><strong>iden</strong></span> <span class='ocrx_word' id='word_1_184' title='bbox 270 2086 428 2148; x_wconf 77' lang='lat' dir='ltr'><strong>factitatum</strong></span> <span class='ocrx_word' id='word_1_185' title='bbox 439 2089 468 2140; x_wconf 90' lang='lat' dir='ltr'><strong>iu</strong></span> <span class='ocrx_word' id='word_1_186' title='bbox 478 2089 594 2141; x_wconf 85' lang='lat' dir='ltr'><strong>Umbria</strong></span> <span class='ocrx_word' id='word_1_187' title='bbox 605 2090 770 2157; x_wconf 85' lang='lat' dir='ltr'><strong>accepimus.</strong></span> 
     </span>
     <span class='ocr_line' id='line_1_29' title="bbox 164 2155 996 2229; baseline 0.006 -22"><span class='ocrx_word' id='word_1_188' title='bbox 164 2206 174 2215; x_wconf 83' lang='grc'><em>,</em></span> <span class='ocrx_word' id='word_1_189' title='bbox 196 2205 199 2218; x_wconf 77' lang='grc'>,</span> <span class='ocrx_word' id='word_1_190' title='bbox 236 2155 623 2226; x_wconf 61' lang='lat' dir='ltr'><strong>XL11.293.Aemihiquidem</strong></span> <span class='ocrx_word' id='word_1_191' title='bbox 634 2160 763 2213; x_wconf 80' lang='lat' dir='ltr'><strong>videntur</strong></span> <span class='ocrx_word' id='word_1_192' title='bbox 773 2176 788 2213; x_wconf 88' lang='lat' dir='ltr'><strong>e</strong></span> <span class='ocrx_word' id='word_1_193' title='bbox 799 2159 871 2213; x_wconf 83' lang='lat' dir='ltr'><strong>locis</strong></span> <span class='ocrx_word' id='word_1_194' title='bbox 882 2174 996 2229; x_wconf 85' lang='lat' dir='ltr'><strong>quoque</strong></span> 
     </span>
     <span class='ocr_line' id='line_1_30' title="bbox 182 2225 995 2298; baseline 0.002 -20"><span class='ocrx_word' id='word_1_195' title='bbox 182 2225 263 2295; x_wconf 84' lang='lat' dir='ltr'><strong>ipsis,</strong></span> <span class='ocrx_word' id='word_1_196' title='bbox 273 2226 513 2295; x_wconf 83' lang='lat' dir='ltr'><strong>quiaquibpsque</strong></span> <span class='ocrx_word' id='word_1_197' title='bbox 520 2228 722 2294; x_wconf 82' lang='lat' dir='ltr'><strong>incolebantur,</strong></span> <span class='ocrx_word' id='word_1_198' title='bbox 732 2230 938 2283; x_wconf 79' lang='lat' dir='ltr'><strong>divinationum</strong></span> <span class='ocrx_word' id='word_1_199' title='bbox 946 2245 995 2298; x_wconf 85' lang='lat' dir='ltr'><strong>op·</strong></span> 
     </span>
     <span class='ocr_line' id='line_1_31' title="bbox 222 2296 996 2370; baseline 0.006 -24"><span class='ocrx_word' id='word_1_200' title='bbox 222 2296 371 2370; x_wconf 82' lang='lat' dir='ltr'><strong>rtunitates</strong></span> <span class='ocrx_word' id='word_1_201' title='bbox 391 2312 452 2351; x_wconf 82' lang='lat' dir='ltr'><strong>esse</strong></span> <span class='ocrx_word' id='word_1_202' title='bbox 468 2297 578 2352; x_wconf 87' lang='lat' dir='ltr'><strong>ductae.</strong></span> <span class='ocrx_word' id='word_1_203' title='bbox 615 2299 725 2353; x_wconf 86' lang='lat' dir='ltr'><strong>Etenim</strong></span> <span class='ocrx_word' id='word_1_204' title='bbox 741 2300 878 2369; x_wconf 75' lang='lat' dir='ltr'><strong>Aegyptii</strong></span> <span class='ocrx_word' id='word_1_205' title='bbox 894 2306 925 2352; x_wconf 87' lang='lat' dir='ltr'><strong>et</strong></span> <span class='ocrx_word' id='word_1_206' title='bbox 939 2300 996 2352; x_wconf 90' lang='lat' dir='ltr'><strong>Ba·</strong></span> 
     </span>
     <span class='ocr_line' id='line_1_32' title="bbox 202 2365 994 2437; baseline 0.003 -18"><span class='ocrx_word' id='word_1_207' title='bbox 202 2365 301 2434; x_wconf 88' lang='lat' dir='ltr'><strong>ylonii,</strong></span> <span class='ocrx_word' id='word_1_208' title='bbox 310 2366 340 2418; x_wconf 90' lang='lat' dir='ltr'><strong>in</strong></span> <span class='ocrx_word' id='word_1_209' title='bbox 352 2380 512 2434; x_wconf 85' lang='lat' dir='ltr'><strong>camporum</strong></span> <span class='ocrx_word' id='word_1_210' title='bbox 524 2369 680 2436; x_wconf 85' lang='lat' dir='ltr'><strong>patentium</strong></span> <span class='ocrx_word' id='word_1_211' title='bbox 686 2373 853 2437; x_wconf 88' lang='lat' dir='ltr'><strong>aequoribus</strong></span> <span class='ocrx_word' id='word_1_212' title='bbox 865 2369 994 2422; x_wconf 82' lang='lat' dir='ltr'><strong>habitan·</strong></span> 
     </span>
     <span class='ocr_line' id='line_1_33' title="bbox 181 2436 994 2507; baseline 0.006 -21"><span class='ocrx_word' id='word_1_213' title='bbox 181 2442 239 2497; x_wconf 90' lang='lat' dir='ltr'><strong>tes,</strong></span> <span class='ocrx_word' id='word_1_214' title='bbox 258 2450 341 2504; x_wconf 87' lang='lat' dir='ltr'><strong>quum</strong></span> <span class='ocrx_word' id='word_1_215' title='bbox 352 2451 387 2489; x_wconf 83' lang='lat' dir='ltr'><strong>cx</strong></span> <span class='ocrx_word' id='word_1_216' title='bbox 397 2442 475 2490; x_wconf 87' lang='lat' dir='ltr'><strong>terra</strong></span> <span class='ocrx_word' id='word_1_217' title='bbox 485 2436 555 2489; x_wconf 88' lang='lat' dir='ltr'><strong>nihil</strong></span> <span class='ocrx_word' id='word_1_218' title='bbox 565 2439 716 2504; x_wconf 82' lang='lat' dir='ltr'><strong>emineret,</strong></span> <span class='ocrx_word' id='word_1_219' title='bbox 735 2441 808 2507; x_wconf 88' lang='lat' dir='ltr'><strong>quod</strong></span> <span class='ocrx_word' id='word_1_220' title='bbox 820 2440 994 2506; x_wconf 86' lang='lat' dir='ltr'><strong>contempla·</strong></span> 
     </span>
     <span class='ocr_line' id='line_1_34' title="bbox 181 2504 993 2574; baseline 0.006 -18"><span class='ocrx_word' id='word_1_221' title='bbox 181 2504 252 2557; x_wconf 87' lang='lat' dir='ltr'><strong>tioui</strong></span> <span class='ocrx_word' id='word_1_222' title='bbox 265 2505 337 2558; x_wconf 86' lang='lat' dir='ltr'><strong>caeli</strong></span> <span class='ocrx_word' id='word_1_223' title='bbox 348 2505 578 2574; x_wconf 81' lang='lat' dir='ltr'><strong>officereposset,</strong></span> <span class='ocrx_word' id='word_1_224' title='bbox 598 2522 707 2561; x_wconf 84' lang='lat' dir='ltr'><strong>omnem</strong></span> <span class='ocrx_word' id='word_1_225' title='bbox 717 2523 813 2561; x_wconf 86' lang='lat' dir='ltr'><strong>curam</strong></span> <span class='ocrx_word' id='word_1_226' title='bbox 828 2510 856 2561; x_wconf 89' lang='lat' dir='ltr'><strong>iu</strong></span> <span class='ocrx_word' id='word_1_227' title='bbox 867 2509 993 2562; x_wconf 84' lang='lat' dir='ltr'><strong>siderum</strong></span> 
     </span>
     <span class='ocr_line' id='line_1_35' title="bbox 182 2576 995 2647; baseline 0.009 -23"><span class='ocrx_word' id='word_1_228' title='bbox 182 2576 342 2643; x_wconf 81' lang='lat' dir='ltr'><strong>cognitione</strong></span> <span class='ocrx_word' id='word_1_229' title='bbox 353 2583 518 2644; x_wconf 80' lang='lat' dir='ltr'><strong>posuerunts</strong></span> <span class='ocrx_word' id='word_1_230' title='bbox 530 2577 643 2629; x_wconf 87' lang='lat' dir='ltr'><strong>Etrusci</strong></span> <span class='ocrx_word' id='word_1_231' title='bbox 655 2585 757 2640; x_wconf 84' lang='lat' dir='ltr'><strong>autem,</strong></span> <span class='ocrx_word' id='word_1_232' title='bbox 766 2579 841 2647; x_wconf 89' lang='lat' dir='ltr'><strong>quod</strong></span> <span class='ocrx_word' id='word_1_233' title='bbox 852 2580 995 2647; x_wconf 73' lang='lat' dir='ltr'><strong>religione</strong></span> 
     </span>
     <span class='ocr_line' id='line_1_36' title="bbox 180 2643 995 2712; baseline 0.006 -18"><span class='ocrx_word' id='word_1_234' title='bbox 180 2643 284 2696; x_wconf 86' lang='lat' dir='ltr'><strong>imbuti</strong></span> <span class='ocrx_word' id='word_1_235' title='bbox 304 2645 457 2698; x_wconf 86' lang='lat' dir='ltr'><strong>studiosius</strong></span> <span class='ocrx_word' id='word_1_236' title='bbox 478 2652 507 2697; x_wconf 91' lang='lat' dir='ltr'><strong>et</strong></span> <span class='ocrx_word' id='word_1_237' title='bbox 528 2646 651 2698; x_wconf 86' lang='lat' dir='ltr'><strong>crebrius</strong></span> <span class='ocrx_word' id='word_1_238' title='bbox 673 2646 781 2700; x_wconf 88' lang='lat' dir='ltr'><strong>hostias</strong></span> <span class='ocrx_word' id='word_1_239' title='bbox 797 2649 995 2712; x_wconf 72' lang='lat' dir='ltr'><strong>immolabant.</strong></span> 
     </span>
     <span class='ocr_line' id='line_1_37' title="bbox 176 2715 996 2789; baseline 0.01 -23"><span class='ocrx_word' id='word_1_240' title='bbox 176 2716 312 2767; x_wconf 79' lang='lat' dir='ltr'><strong>&#39;ortorum</strong></span> <span class='ocrx_word' id='word_1_241' title='bbox 322 2715 477 2784; x_wconf 79' lang='lat' dir='ltr'><strong>cognitioni</strong></span> <span class='ocrx_word' id='word_1_242' title='bbox 485 2730 517 2769; x_wconf 89' lang='lat' dir='ltr'><strong>se</strong></span> <span class='ocrx_word' id='word_1_243' title='bbox 528 2716 650 2771; x_wconf 82' lang='lat' dir='ltr'><strong>maxime</strong></span> <span class='ocrx_word' id='word_1_244' title='bbox 661 2716 839 2784; x_wconf 81' lang='lat' dir='ltr'><strong>dediderunt:</strong></span> <span class='ocrx_word' id='word_1_245' title='bbox 860 2720 996 2789; x_wconf 78' lang='lat' dir='ltr'><strong>quodque</strong></span> 
     </span>
    </p>
   </div>
   <div class='ocr_carea' id='block_1_7' title="bbox 0 0 1046 3025">
    <p class='ocr_par' dir='ltr' id='par_1_7' title="bbox 0 0 1046 3025">
     <span class='ocr_line' id='line_1_38' title="bbox 0 0 1046 3025; baseline 0 1"><span class='ocrx_word' id='word_1_246' title='bbox 0 0 1046 3025; x_wconf 95' lang='lat' dir='ltr'><strong> </strong></span> 
     </span>
    </p>
   </div>
  </div>
 </body>
</html>
