2084 3025
271 155 353 209 ΜΒ.
371 155 391 207 Ι.
429 154 510 209 CAP.
527 154 572 209 «12.
590 153 636 208 4³.
811 153 860 208 182

53 268 169 332 propter
179 259 254 314 adria
265 258 479 315 crassitudinem
493 258 527 313 de
538 258 618 313 caelo
630 257 704 326 apud
714 271 763 312 nos
774 258 865 312 multa

53 334 169 395 fiebant,
185 338 215 385 et
225 330 300 399 quod
310 332 344 384 ob
356 329 482 383 eamdem
494 345 619 382 caussam
632 329 720 381 multa
728 329 865 382 lumitate

2 398 6 463 'i
53 405 189 472 partiare
206 401 299 464 caelo,
319 400 378 451 alia
394 407 521 452 exterra
535 399 709 462 oriebantur,
728 397 865 466 quaedam

50 474 142 525 etiam
163 486 199 523 ex
219 469 361 525 hominum
381 469 553 536 pecudumve
573 476 709 536 conceptu
729 468 769 536 [et
788 467 865 537 satu]

49 549 251 609 portentorum
266 539 493 592 exercitatissimi
507 540 676 606 interpretes
687 540 865 592 exstiterunt.

53 609 390 679 Quorum·quidem‚vim,'
406 616 439 660 ut
452 616 484 661 tu
495 608 570 661 soles
581 608 688 670 dicere,
710 611 796 662 rerba
805 611 867 677 ipsa

54 680 209 749 prudenter
224 680 403 732 amaieribus
417 678 672 746 positadeclarant.
709 677 782 740 Quia
791 679 866 732 enim

2 746 4 749 ’
54 749 218 812 ostendunt,
229 749 408 817 portendunt,
418 753 584 809 monstrant,
591 746 765 814 praedicunt:
776 759 867 801 osteu-

55 826 92 883 ta,
102 826 247 887 portenta,
257 827 393 882 monstra,
402 819 534 886 prodigia
545 817 683 869 dicuntur.
705 816 749 871 94.
760 818 866 872 Arabes

57 898 150 942 autem
166 896 195 942 et
210 886 337 957 Phryges
356 894 385 941 et
398 889 515 953 Cilices,
536 886 610 955 quod
629 893 712 954 pastu
728 887 865 955 pecudum

57 960 315 1028 maximeutuntur,
335 973 449 1025 campos
459 963 489 1010 et
497 964 607 1010 montes
617 956 708 1010 hieme
718 963 748 1009 et
757 963 866 1013 aestate

57 1035 254 1098 peragrantes,
273 1036 424 1095 propterea
437 1027 552 1081 facilius
563 1033 662 1080 cantus
676 1027 769 1080 arium
780 1035 809 1080 et
819 1042 866 1079 ro·

57 1099 324 1151 latusnotaveruntr
346 1097 498 1167 cademque
516 1097 677 1151 etl'isidiae
693 1095 867 1160 caussafuit,

57 1175 84 1221 ot
98 1167 164 1220 huie
179 1176 292 1220 nostrae
304 1166 445 1220 Umbriae.
481 1169 554 1220 Tuan
571 1168 655 1220 Caria
667 1173 743 1231 tota,
762 1167 867 1236 praeci·

57 1253 163 1306 pueque
175 1237 345 1300 Telmesses,
364 1252 434 1306 quos
443 1243 508 1290 ante
519 1237 588 1301 diri,
608 1239 682 1306 quod
692 1253 777 1306 agros
785 1239 866 1291 uber·

51 1309 142 1360 ·rimos
153 1308 331 1375 maximeque
345 1307 454 1360 fertiles
469 1307 608 1377 incolunt,
627 1309 655 1360 in
667 1309 767 1376 quibus
778 1306 868 1360 multa

58 1377 868 1447 propterfecunditatemlingigigniquepussunt,inoateu·

58 1447 93 1500 tis
103 1446 361 1500 animadvertendis
371 1447 519 1517 diligentes
531 1448 651 1499 fuerunt.

106 1517 207 1570 XLlll.
227 1515 271 1570 95.
284 1517 352 1581 Quis
367 1533 434 1571 vero
455 1534 511 1571 non
527 1517 616 1580 ridet,
636 1517 665 1568 in
681 1517 791 1583 optima
801 1530 867 1583 qua·

59 1602 113 1655 que
123 1587 271 1655 republica
280 1588 430 1655 plurimum
447 1587 574 1656 aruspicia
583 1592 612 1639 et
626 1586 734 1653 reliqua
744 1585 856 1637 divinae

57 1657 86 1707 di
95 1672 201 1725 genera
209 1657 350 1710 valuisset
370 1659 439 1722 Quis
450 1658 512 1711 Rex
520 1670 651 1723 umquam
663 1655 727 1717 fuit,
746 1654 808 1722 quis
819 1669 867 1722 po·

57 1728 154 1793 pillea,
173 1727 221 1795 qui
231 1741 287 1779 non
297 1733 424 1781 uteretur
438 1727 632 1795 praedictione
646 1725 758 1777 divinat
777 1740 867 1793 neque

56 1796 147 1847 solum
155 1796 185 1847 in
194 1811 279 1863 pace,
298 1796 349 1849 sed
360 1798 477 1851 inbelle
488 1797 578 1850 multo
588 1795 674 1849 etiam
685 1795 791 1863 magis,
810 1810 866 1863 quo

57 1869 146 1918 maius
167 1871 231 1919 erat
246 1872 387 1919 certamen
403 1874 433 1920 et
448 1867 597 1919 discrimen
608 1866 716 1918 salutis.
754 1865 862 1918 Omitto
958 1921 961 1926 ,

59 1942 177 1999 nostros,
192 1936 242 2004 qui
252 1934 323 1990 nihil
334 1936 448 1990 inbelle
459 1938 520 1990 sine
532 1937 708 2006 satisagunt,
723 1933 793 1989 nihil
804 1937 866 1989 sine

61 2005 190 2073 auspiciis
206 2005 283 2058 demi
303 2004 438 2075 [habenti
474 2006 626 2075 [Auspicia]
643 2012 760 2060 externa
773 2007 866 2058 ridea-

47 2089 126 2126 mus.
162 2075 236 2127 Nam
246 2081 276 2128 et
285 2075 466 2130 Athenienses
481 2077 609 2129 omnibus
625 2090 735 2143 semper
745 2076 864 2143 publicis

61 2144 181 2196 consiliis
196 2144 306 2198 divinos
328 2146 463 2213 quosdam
480 2145 654 2208 sacerdotes,
676 2161 746 2213 quos
758 2143 865 2209 μάντικ
885 2199 889 2204 ,

45 2221 166 2277 >vocant
187 2213 387 2269 adhibuerunt=
404 2223 432 2269 et
442 2215 659 2268 Lacedaemonii
670 2215 794 2286 Regibus
804 2213 864 2265 suis

61 2296 189 2351 augurem
201 2299 370 2337 assessorem
383 2286 534 2350 dederunt5
555 2292 678 2353 itemque
686 2286 801 2337 senibus
811 2284 865 2345 (sie

60 2354 129 2404 cuim
141 2353 290 2406 consilium
307 2355 448 2422 publicum
461 2354 616 2423 appellant)
633 2370 766 2422 augurem
778 2354 865 2405 iuter·

2 2451 4 2486 7
61 2437 119 2474 esse
129 2423 291 2476 voluerunt:
301 2425 440 2493 iidemque
451 2424 485 2478 de
497 2427 580 2477 rebus
590 2425 744 2476 oraioribus
754 2437 865 2488 semper

2 2543 4 2564 Ξ
59 2498 106 2544 aut
114 2491 231 2559 Delphis
242 2496 397 2558 oraculum,
417 2501 466 2547 aut
477 2496 512 2546 ab
523 2496 670 2555 Ammone‘
683 2499 732 2544 aut
742 2490 865 2542 allode

2 2569 4 2576 ’
58 2563 244 2628 aapetebaut.
266 2566 309 2626 96.
321 2564 469 2634 Lycurgus
480 2563 603 2631 quidem,
620 2563 668 2629 qui
678 2558 865 2612 lacedaemo·
954 2614 965 2620 ‚

2 2639 4 2702 j
62 2630 168 2682 nicrum
180 2635 382 2699 rempublicam
393 2633 571 2701 temperavit,
583 2634 662 2698 leges
675 2644 739 2681 suas
748 2625 867 2676 auctori·

60 2702 263 2772 tatedpellinis
271 2701 405 2777 Delphici
414 2701 599 2770 cendrmarit.
624 2699 799 2763 Quasquum
810 2692 869 2744 rel·

58 2818 74 2854 ἵ
