2084 3025
157 153 210 206 270
243 164 248 168 '
302 202 305 207 ,
343 182 346 192 »
452 149 516 202 ΒΕ
543 149 682 203 Foro

160 256 232 317 tore
265 255 381 306 illorum
395 252 490 306 tomen
506 271 587 307 nemo
603 255 645 304 ita
655 252 796 321 loquitur:
817 250 966 304 natusest

160 327 248 388 enim,
268 322 318 376 has
335 325 527 377 contortiones
548 325 700 386 orationis,
719 319 802 392 quam
821 323 971 391 signorum

162 402 241 448 ortus
252 395 402 460 obitusque
414 394 601 460 perdiscere
761 438 765 443 ,
874 443 880 447 ,

138 492 143 497 ⁴
213 465 261 515 lx„
274 461 315 516 17.
328 463 384 518 Sed
394 463 430 514 ad
440 464 517 514 iilam
524 462 645 514 Diodori
654 462 874 524 contentionem,
883 476 968 528 quam

160 534 219 601 sepi
229 532 346 582 δυνατῶν
355 532 506 599 appellant,
517 540 703 586 revertemur:
721 533 751 582 in
761 547 825 600 qua,
842 531 912 598 quid
923 540 969 581 ra·

161 603 221 656 leat
231 601 272 663 id,
292 602 367 668 quod
378 603 439 654 fieri
449 603 547 668 possit,
565 603 732 670 anquiritur.
768 601 867 652 Placet
878 601 969 668 igitur

161 670 304 734 Diodoro,
323 672 353 723 id
371 672 463 722 solum
474 673 647 739 tieriposse,
666 671 742 739 quod
751 676 803 721 aut
812 685 913 722 verum
923 671 969 735 sit,

163 747 213 794 aut
232 756 328 792 rerum
341 740 477 795 ¹futurum
497 742 545 793 sit.
583 742 639 810 Qui
659 740 742 792 locus
762 741 880 805 attingit
900 738 971 793 hanc

70 834 73 837 ¹
164 810 364 878 «praesumem,
374 808 452 862 Nihil
462 812 535 873 lieri,
543 812 620 878 quod
630 825 810 862 nonnocesse
819 809 971 870 fuerimet,
1019 812 1021 815 ’

164 880 308 950 Quidquid
320 881 381 931 fieri
391 882 495 948 possit,
514 881 546 931 id
554 888 604 931 aut
615 897 678 933 esse
687 881 756 943 iam,
777 885 829 930 aut
840 878 970 930 futurum

165 966 237 1003 esse:
247 965 298 1001 nec
307 951 396 1016 magis
407 951 574 1002 commutari
585 965 620 1001 ex
629 951 702 1001 reris
711 951 740 1000 in
752 947 825 1000 falsa
836 965 872 1000 ea
878 962 980 1016 posse,

165 1034 236 1087 quae
246 1019 343 1069 futura
353 1020 435 1081 sunt,
453 1035 535 1085 quam
551 1035 597 1081 ea,
613 1035 686 1086 quae
694 1018 771 1069 sacta
779 1025 858 1070 sunt:
880 1017 974 1070 sedin

81 1088 86 1093 ’
163 1088 248 1141 factis
258 1088 517 1141 immutabilitatem
527 1104 660 1157 apparere
671 1106 680 1152 ;
692 1089 727 1138 in
736 1088 843 1140 futuris
858 1088 979 1156 quibus·

166 1158 239 1218 dam,
250 1155 315 1222 quia
325 1171 381 1206 non
391 1165 534 1224 apparent,
544 1175 579 1210 ne
589 1159 680 1211 inesse
691 1157 801 1224 quidem
811 1158 918 1210 videri:
940 1163 975 1207 ut

165 1227 194 1278 iu
214 1240 263 1287 eo,
283 1225 331 1290 qui
351 1228 497 1280 mortifero
518 1229 617 1279 morbo
639 1235 787 1293 urgeatur,
807 1242 906 1279 verum
924 1227 975 1289 sit,

165 1295 244 1360 „Hic
255 1295 393 1346 morietur
403 1293 456 1347 hoc
470 1298 568 1348 morbo
577 1317 583 1348 :
591 1303 606 1328 ‘⁴
628 1304 657 1348 at
669 1296 806 1348 hocidem
817 1298 920 1349 sivero
931 1296 975 1347 di-

166 1371 247 1432 catur
256 1365 286 1414 in
298 1379 340 1426 eo,
361 1366 456 1432 inquo
468 1367 510 1417 vis
520 1368 613 1418 morbi
622 1373 703 1417 tanta
711 1381 768 1418 non
778 1373 923 1433 appareat,
932 1366 977 1427 ni-

156 1433 224 1486 ·hilo
239 1434 330 1484 minus
347 1434 472 1486 futurum
484 1437 531 1488 sit.
567 1437 611 1487 lta
627 1437 673 1498 fit,
694 1443 727 1487 ut
738 1437 925 1487 commutatio
938 1452 978 1488 ex

162 1520 232 1566 ⁴vero
249 1504 278 1555 in
289 1502 392 1555 felleum
407 1523 441 1559 ne
452 1506 589 1558 inlutum
607 1506 719 1575 quidem
730 1506 789 1558 ulla
799 1506 862 1567 fieri
870 1507 977 1574 possit.
1040 1504 1041 1544 ³

90 1586 96 1600 ¹
165 1575 247 1637 Nom,
258 1575 418 1637 „Morietur
428 1574 549 1643 Scipio,“
559 1577 645 1629 talem
655 1578 712 1627 rim
721 1575 814 1639 habet,
826 1583 869 1639 ut,
878 1591 981 1644 quam·
1040 1581 1041 1584 ’

106 1680 114 1690 ,
167 1660 250 1713 quam
262 1644 403 1696 defuturo
417 1645 630 1708 dicitur,tamen
638 1646 669 1697 id
678 1661 734 1697 non
745 1647 836 1714 possit
846 1646 982 1699 converti

164 1716 196 1766 tn
206 1714 326 1772 falsum„
353 1715 396 1767 De
407 1714 519 1768 homine
533 1716 606 1768 enim
617 1716 733 1779 (licitur,
742 1737 744 1740 ’
752 1717 798 1768 cui
806 1731 921 1768 necesse
930 1723 981 1768 est

166 1785 248 1836 niori.
285 1781 327 1854 18.
346 1783 392 1835 Sic
404 1784 428 1835 si
439 1783 594 1847 diceretur,
616 1786 780 1848 „Morietur
789 1792 875 1837 noctu
886 1786 917 1836 in
928 1801 981 1837 cu·

167 1853 261 1906 bioulo
279 1868 330 1904 suo
342 1853 437 1920 Scipio
453 1854 482 1904 vi
493 1856 669 1922 oppressus,“
678 1872 742 1909 rere
753 1855 905 1921 dicoretur.
943 1855 981 1906 lo

168 1925 242 1976 enim
259 1922 321 1975 fore
333 1923 486 1985 diceretur,
501 1923 582 1991 quod
599 1931 672 1976 esset
683 1924 822 1976 futurum:
844 1925 984 1978 tutorum

91 2019 94 2028 ·
167 1989 370 2055 autemfuisse,
389 2009 425 2045 ex
435 2008 477 2056 co,
487 1996 554 2061 quie
566 1992 674 2045 facturn
684 2003 735 2057 est,
745 1994 868 2063 intelligi
878 1995 979 2048 debet.

166 2053 226 2120 Nec
237 2063 327 2130 nragis
344 2069 404 2114 erat
422 2078 528 2126 verum,
549 2064 713 2127 „Morietur
723 2063 859 2131 Scipio,“
880 2079 981 2131 quum,

95 2165 97 2169 v
169 2132 393 2197 „Morieturilio
404 2131 526 2182 modo:“
546 2150 597 2184 nec
607 2134 696 2185 minus
707 2149 819 2186 necesse
833 2136 908 2185 mori
917 2132 981 2185 Sci·
1040 2165 1041 2168 =

169 2203 296 2269 pionem,
315 2216 396 2267 quam
412 2202 463 2251 illo
479 2202 564 2254 modo
576 2204 661 2254 mori:
684 2218 736 2255 nee
745 2203 982 2284 magisimmutu·

169 2272 227 2322 bile
245 2286 279 2323 ex
294 2286 360 2323 voro
371 2267 401 2321 in
412 2270 530 2333 falsum,
549 2272 695 2334 „Necatus
706 2280 753 2324 est
761 2271 982 2340 Scipio,“quam

170 2340 325 2393 Necabitur
331 2340 425 2406 Scipio
432 2358 437 2390 ι
445 2345 464 2371 (ί
471 2343 531 2402 neo,
543 2356 628 2407 quum
639 2340 708 2394 haec
716 2342 759 2393 ita
769 2341 833 2405 sint,
843 2337 886 2394 e'st
897 2353 981 2394 caus·

172 2425 214 2471 aa,
232 2425 281 2476 our
292 2410 430 2476 Epicurus
442 2408 532 2460 fotum
544 2411 717 2474 extimescet,
730 2418 759 2464 et
771 2411 805 2462 ab
815 2412 921 2464 atonris
931 2427 983 2479 pe·

169 2485 215 2530 tut
230 2479 402 2546 praesidium
418 2492 519 2545 easque
535 2478 569 2530 de
584 2480 631 2529 via
641 2480 775 2544 deducat,
796 2489 826 2533 et
840 2494 897 2532 ono
908 2486 983 2533 tem·

167 2561 236 2617 pore
249 2549 384 2615 suscipiat
394 2563 438 2599 res
451 2547 522 2598 duas
532 2548 742 2613 inenodabiles3
764 2566 856 2614 unum,
871 2557 906 2602 ut
917 2553 984 2604 sine

168 2633 268 2669 caussa
277 2620 326 2669 fiat
348 2616 528 2684 aliquid,·ex
549 2633 603 2683 quo
625 2621 758 2682 exsistet,
779 2627 811 2671 ut
828 2621 868 2686 tio
886 2619 991 2673 nihilo

169 2687 312 2753 quippiam
330 2688 402 2750 fiat,
415 2686 492 2754 quod
505 2701 557 2738 nec
571 2687 627 2754 ipsi
640 2704 693 2743 nee
708 2689 838 2762 cuiquam
852 2687 983 2759 Physico
