2084 3025
218 131 253 185 70
393 131 450 183 DE
467 128 637 185 NATURA
653 132 834 186 DEORUM

218 241 381 300 temporum,
399 249 454 285 nou
462 248 607 300 possumus
617 236 777 303 intelligere
787 236 847 288 sine
857 240 959 298 mente,
966 234 1021 286 'ra-

218 302 305 364 tione‚
327 302 452 353 consilio.
489 304 567 364 Quae
582 320 664 371 quum
674 306 709 356 'in
724 305 861 356 sideribus
876 306 968 356 inesse
980 304 1021 354 ri·

219 371 341 433 decimus,
350 385 406 421 nen
416 386 565 437 possumus
574 390 608 425 ea
616 374 677 440 ipsa
686 389 741 425 non
751 374 780 425 in
790 374 913 425 Deorum
924 383 1019 424 nume*-

218 455 250 492 το
261 453 405 506 reponere.
430 440 564 494 Neevero
580 444 679 495 stellae
695 459 759 506 eae,
775 458 846 509 quae
859 442 1019 493 inerrantes

218 510 729 577 roeantm,nonsignificanteemdem
739 517 1020 577 mentemstquepru·

173 625 176 631 .
219 577 355 642 dentiam3
374 593 490 646 quarum
504 587 548 632 est
562 580 736 648 quotidiana,
755 581 933 641 conveniens,
954 594 1020 629 con·

217 654 348 716 stansque
358 649 515 701 conversio:
526 664 577 702 nee
586 649 689 702 hubent
700 648 844 702 aethereos
856 663 960 709 cursus,
973 662 1019 697 ne·

217 731 270 783 que
286 717 364 769 caelo
379 714 567 782 inhaerentes,
587 726 617 769 ut
631 719 754 786 plerique.
769 719 864 769 dicunt
884 715 1021 783 physicae

217 786 334 837 rationis
345 788 445 853 ignari.
477 787 541 839 Non
552 796 594 838 est
605 790 677 840 enim
690 787 810 839 aetheris
822 801 856 838 ea
865 796 975 847 natura,
986 789 1020 833 ut

217 854 244 904 ti
255 870 315 922 sua
334 856 432 907 stellas
451 857 596 922 complexe
614 862 803 923 contorqueat.
839 855 910 906 Nam
927 852 1019 905 tenuis

218 939 251 975 ac
261 925 404 990 perlucens
419 932 449 977 et
459 927 600 991 aequabili
616 926 709 977 calore
724 925 843 976 suffusus
854 922 953 978 aether
962 937 1019 971 nen

217 995 286 1044 satis
301 1002 383 1061 aptus
393 995 427 1044 ad
444 995 541 1046 stellas
557 989 865 1045 continendas'videtur.
900 991 945 1043 55.
960 992 1019 1041 lle·

218 1062 284 1113 bent
296 1063 382 1130 igitur
392 1079 470 1114 suam
482 1062 627 1129 sphaeram
637 1064 737 1115 stellae
746 1064 910 1124 inerrantes,
923 1061 960 1111 eb
973 1075 1019 1111 sc·

218 1131 315 1182 therea
329 1132 521 1184 coniunctione
540 1140 677 1191 secretam
699 1139 726 1184 et
746 1133 873 1183 liberam.
911 1131 1018 1181 Earum

218 1207 309 1251 eutem
320 1214 464 1266 peremne-s
476 1216 572 1252 cursus
583 1209 665 1270 atque
676 1201 813 1268 perpetui,
827 1214 887 1250 eum
898 1198 1020 1250 admira·

217 1269 270 1320 bili
279 1269 493 1336 incredibilique.
500 1273 665 1333 constantia,
676 1271 821 1323 declarant
829 1270 858 1320 in
868 1267 910 1319 his
920 1268 978 1316 vim
990 1272 1020 1318 et

218 1344 337 1390 mentem
346 1353 408 1389 esse
420 1338 555 1390 divinam:
575 1347 620 1400 ut,
640 1340 780 1406 heeeipsa
790 1339 837 1405 qui
848 1353 901 1389 non
911 1338 1019 1387 sentiat

218 1407 339 1458 Deorum
353 1407 407 1457 vim
421 1406 539 1471 babere,
557 1409 583 1460 is
599 1407 666 1460 nihil
682 1410 794 1461 omnino
809 1422 940 1459 sensurus
955 1421 1019 1458 esse

218 1477 353 1528 videatur.
370 1489 372 1494 ’
390 1476 434 1531 be.
449 1477 535 1530 Nulla
548 1479 636 1546 igitur
648 1478 766 1538 incaelo
782 1491 832 1530 nec
842 1476 957 1529 fortuna
967 1489 1019 1528 uec

218 1548 363 1599 temeritas·
376 1562 427 1598 nee
440 1549 544 1599 erratio
561 1550 744 1601 necvarietas
758 1548 844 1610 inest3
865 1552 964 1597 contra
982 1560 1019 1597 ue

217 1617 306 1668 omnis
317 1616 395 1677 erdo,
405 1618 519 1679 veritus,
529 1618 612 1679 ratio,
628 1618 793 1669 constantia.
829 1614 961 1682 Quaeque
993 1616 1019 1666 's

216 1691 324 1747 escant,
335 1687 468 1736 ementita
478 1693 507 1737 et
518 1687 599 1748 false,
609 1687 744 1753 plenaque
751 1684 862 1747 erroris,
873 1685 1019 1736 eacireunr

216 1761 316 1817 terras,
326 1754 403 1805 infra
411 1755 515 1816 lunam,
532 1770 603 1821 quae
615 1757 737 1805 omnium
746 1755 848 1806 ultima
859 1759 910 1815 est,
919 1753 951 1803 in
960 1759 1018 1805 ter·

217 1825 310 1889 risque
319 1829 473 1874 versaretur.
509 1824 679 1876 caelestium
690 1839 757 1892 ergo
768 1822 961 1875 admirabilem
972 1836 1018 1874 er·

218 1891 310 1943 dinem
320 1890 566 1959 incredibilemque
581 1895 778 1957 constantiam,
798 1908 833 1945 ex
844 1907 899 1960 que
906 1906 1018 1945 conser-

216 1961 290 2012 tatio
302 1966 330 2011 et
340 1960 415 2012 sulus
426 1963 551 2013 omnium
562 1964 650 2014 omnis
660 1963 758 2025 oritur,
772 1964 820 2030 qui
826 1976 931 2014 sanare
940 1976 1019 2013 men·

216 2037 244 2082 te
263 2034 356 2095 putat,
376 2030 400 2080 is
412 2030 482 2098 ipse
496 2034 598 2084 mentis
615 2046 712 2099 expers
726 2030 869 2085 habendus
882 2036 936 2083 est
971 2029 1017 2082 5⁷.

217 2098 300 2150 Haud
311 2114 387 2167 ergo,
397 2106 429 2151 ut
440 2103 548 2168 opinor,
559 2115 697 2165 erravero,
707 2102 732 2153 si
743 2101 893 2168 aprineipe
903 2100 1019 2152 investi·

217 2167 323 2235 gandae
333 2171 468 2233 veritatis,
491 2170 571 2222 huius
582 2171 782 2238 disputationis
792 2171 960 2238 principium
970 2169 1019 2220 du·

216 2248 293 2289 xero.
319 2237 406 2291 XXll.
420 2242 494 2292 Zeno
504 2241 729 2307 igiturnaturam
739 2241 780 2292 ita
791 2240 899 2303 delinit,
913 2245 1019 2291 uteam

218 2307 292 2358 dicat
301 2306 393 2375 ignem
405 2326 465 2361 esse
477 2310 666 2375 artificiosum,
682 2310 717 2361 sd
727 2309 893 2378 gignendum
905 2322 1019 2377 progre-

216 2375 335 2429 dientem
350 2379 404 2429 uia.
440 2380 540 2431 Censet
555 2380 629 2433 enim
649 2381 719 2433 artis
738 2379 859 2430 maxime
873 2380 1020 2445 proprium

216 2459 285 2509 esse,
300 2461 394 2499 creare
405 2454 433 2498 et
445 2449 471 2512 gi
475 2461 573 2513 gnere3
595 2448 723 2517 quodque
732 2449 761 2500 in
772 2447 903 2515 operibus
911 2456 1020 2501 nostru

216 2529 277 2567 rum
287 2516 389 2568 ortium
399 2529 496 2566 marrus
508 2516 624 2574 efficiat,
636 2518 666 2568 id
676 2519 766 2570 multo
777 2517 963 2570 artifielosius
975 2533 1021 2569 nu·

216 2591 306 2635 turam
322 2583 443 2644 efficere,
461 2583 491 2632 id
508 2593 564 2645 est,
584 2592 616 2636 ut
631 2587 701 2649 dixi,
720 2589 813 2652 ignem
824 2587 1022 2649 artificiosum,

218 2653 381 2719 magistrum
401 2653 504 2703 artium
520 2653 698 2722 reliquarum.
734 2657 824 2721 Atque
838 2654 891 2706 hac
908 2658 1019 2723 quiden
