2084 3025
256 158 336 212 LIB.
353 159 391 213 11.
428 161 512 216 CAP.
530 162 575 216 29.
593 160 635 216 30.
808 165 842 220 77

47 263 112 314 enim
122 263 216 314 solum
226 262 331 329 legitis,
342 269 435 315 vestm
446 266 560 317 amatis:
574 273 681 319 eeteros
692 281 793 323 caussa
802 268 844 320 in·

48 334 153 398 cognita
162 332 364 383 condemnatis.
400 331 629 401 Velutateipsm
645 334 775 388 hesterno
786 337 842 398 dia,

47 399 145 451 dietum
156 408 209 464 est,
221 416 306 451 anum
316 401 461 453 fatidicam
471 400 597 469 πρόνοιαν
608 405 730 457 aStoicis
740 405 842 466 induci,

46 466 83 535 [id
94 477 143 531 est,
155 470 383 538 providentiam}
418 470 502 535 Quod
511 486 544 522 eo
557 486 652 526 errore
662 474 766 537 dixisti,
796 475 845 527 uin

48 539 186 589 existimas
198 541 233 590 ab
242 537 289 589 *his
304 540 507 606 providentiam
520 541 590 608 tingi
604 544 682 609 quasi
696 491 843 611 quamdam

47 604 129 658 Deam
146 609 331 675 singularem,
353 625 423 675 quae
438 609 569 660 mundum
585 625 694 663 omnem
709 614 846 679 gubernet

49 683 74 727 et
82 683 171 743 regat:
183 678 232 728 sed
244 678 274 727 id
284 679 409 744 praecise
420 678 528 730 dieitur.
548 680 642 744 resur,
653 683 676 732 si
688 682 844 748 quisdicat,

48 744 251 812 Atheniensium
260 747 460 813 rempublicam
472 748 590 800 consilio
600 751 669 816 regi,
681 750 753 802 desit
762 750 844 813 irruo.

50 816 194 883 Areopagi:
216 816 267 877 sic,
289 818 509 883 quumdieimus,
526 819 844 883 providentiamundam

49 882 243 947 administrari,
255 885 351 937 deesse
363 887 522 949 arbitrator,
533 886 667 939 Deorum.
703 887 788 941 Pleno
798 905 845 941 aa·

48 958 100 1004 tem
109 953 272 1022 etperfeete
282 955 324 1005 sie
335 954 390 1005 dici
401 955 572 1017 existimato,
588 955 763 1023 providentia
772 957 845 1010 Deo·

46 1037 105 1074 rum
124 1022 257 1074 mundum
274 1023 468 1076 administrari.
505 1026 549 1075 ita
567 1026 656 1077 salom
669 1025 770 1090 istum,
789 1041 844 1093 qao

48 1098 121 1143 earet
134 1099 230 1144 restra
246 1094 338 1153 natio,
358 1095 386 1144 iu
403 1094 552 1145 irridendis
562 1094 642 1146 nobis
651 1095 771 1147 nolitote
782 1111 844 1148 eon

46 1176 169 1213 sumere:
186 1168 216 1214 et
226 1161 373 1224 mehercle,
389 1163 412 1213 si
423 1169 466 1215 me
477 1163 609 1225 audiatis,
619 1179 655 1216 ne
665 1164 846 1231 experiamini

39 1230 164 1297 ‘quidem
201 1230 267 1282 Non
283 1232 377 1283 decet:
397 1247 452 1284 non
469 1233 629 1285 detumeat:
650 1248 705 1284 non
716 1234 846 1301 potestis.

48 1298 180 1354 Nocrero
189 1298 244 1352 hoe
253 1300 282 1351 in
291 1307 321 1352 te
331 1317 415 1351 unum
428 1303 562 1365 convenit,
582 1303 706 1355 mortius
717 1302 847 1355 domesti-

48 1371 84 1423 cis
98 1385 131 1421 ae
140 1369 453 1431 nostrorumhominurn
467 1373 625 1424 urbanitate
635 1372 776 1424 limatum:
796 1369 847 1424 sed

47 1455 128 1507 quum
138 1437 167 1490 in
177 1439 301 1507 reliquos
311 1446 420 1491 vestros
426 1477 435 1503 ,
457 1447 516 1492 turn
531 1442 560 1492 in
571 1457 634 1493 eum
645 1443 777 1504 maxime,
798 1440 847 1508 qui

46 1510 100 1564 ista
109 1510 225 1583 peperit,
246 1507 455 1563 hominemsine
466 1519 535 1574 arte,
550 1514 615 1564 sine
627 1510 740 1574 litteris,
761 1510 847 1562 insul·

46 1586 147 1631 tantem
157 1581 186 1631 in
199 1595 303 1641 omnes,
314 1581 372 1632 siue
382 1582 509 1632 acumine
518 1581 588 1641 ulio,
599 1581 659 1632 sine
669 1581 847 1644 auctoritate,

8 1678 9 1681 =
45 1649 218 1716 sineleporo.
253 1649 343 1701 XXX.
354 1649 397 1702 75.
406 1650 577 1717 Dicoigitur
587 1647 765 1716 providentia
773 1648 846 1700 Deo·

46 1732 104 1772 run
115 1719 254 1769 urusdurn
268 1724 300 1770 et
310 1734 405 1771 ornnes
417 1718 517 1771 mundi
533 1725 627 1785 partes
643 1723 672 1769 et
686 1718 767 1769 initio
783 1732 847 1769 con·
938 1726 945 1733 ·

46 1784 157 1844 ttitutas
169 1804 239 1850 esse,
251 1794 280 1851 et
288 1790 365 1839 omni
375 1796 500 1855 tempore
510 1788 713 1841 administrari:
729 1802 845 1856 eamque

48 1857 263 1924 disputationem
281 1859 387 1910 tres-in
402 1865 498 1925 partes
517 1859 577 1910 iere
596 1857 726 1908 dividunt
740 1858 844 1923 nostri3

48 1941 159 1993 quarum
172 1942 238 1994 pars
250 1927 413 1993 prima-est,
431 1943 504 1995 quae
514 1928 625 1979 ducitur
635 1927 670 1979 ib
681 1928 843 1990 earationo,

48 2011 113 2065 quae
130 1996 214 2048 donet
230 2012 291 2048 esse
305 1996 394 2048 Deos:
414 2012 469 2065 quo
489 2011 635 2059 eoneemo,
658 1996 844 2049 conitendum

47 2072 93 2127 est,
103 2081 201 2117 eorum
213 2065 331 2117 consilio
341 2067 474 2118 mundum
484 2066 683 2117 administrari.
713 2065 845 2122 secunda

47 2142 201 2197 ostsutem,
221 2150 293 2202 quae
305 2134 396 2198 donet,
416 2136 715 2188 umnesressubieetas
725 2151 844 2189 meno·

46 2210 122 2257 turae
139 2203 286 2267 sentienti,
308 2205 343 2255 ab
354 2219 446 2271 eaque
465 2206 558 2256 omnia
576 2202 759 2271 putcherrime
774 2205 843 2272 geri.

47 2273 103 2338 Quo
116 2274 287 2334 constituto,
300 2275 435 2342 nequitur
450 2275 484 2325 ab
499 2274 685 2325 animantibus
699 2274 844 2355 principiis

47 2344 137 2394 omnia
146 2358 209 2394 esse
219 2350 360 2409 generata.
396 2342 510 2395 Tertius
518 2349 563 2395 est
573 2344 660 2405 loeus,
678 2343 725 2409 qni
735 2343 844 2395 duenur

47 2427 77 2466 ex
86 2410 276 2464 admiratione
283 2425 377 2465 rerum
389 2413 550 2464 caelestium
567 2419 649 2479 atque
659 2412 844 2463 terrestrium.

91 2482 136 2535 76.
159 2480 284 2532 Primum
299 2482 387 2548 igitur
401 2488 449 2532 aut
459 2480 619 2548 negandum
635 2486 677 2533 est
688 2495 748 2531 esse
759 2479 847 2540 Deos,

48 2551 115 2619 quod
128 2556 159 2602 et
168 2550 530 2613 Democritus-simulacra,
550 2550 734 2617 etEpieurus,
748 2544 848 2611 imagi·

48 2634 88 2673 nes
98 2619 246 2682 inducens,
257 2621 376 2685 quodam
386 2626 468 2686 paeto
479 2626 577 2684 negat:
595 2624 652 2678 out,
662 2616 712 2683 qui
720 2613 797 2664 Deos
807 2626 850 2662 ov
905 2674 911 2681 ,

46 2704 72 2741 se
82 2689 250 2751 concedant,
265 2690 302 2742 iis
312 2689 457 2742 fatendum
468 2694 519 2759 est„
532 2702 580 2742 eor
591 2682 698 2750 aliquid
709 2694 800 2744 agere,
810 2677 851 2728 id·
900 2712 903 2717 «
