2084 3025
215 133 234 187 d
395 134 451 189 DE
468 132 640 189 NATURA
657 131 838 187 DEORUM

21 299 29 308 ,
217 250 304 305 paene
318 235 472 290 videantur.
510 240 615 290 Contra
629 253 698 305 ques
709 236 866 290 Carneades
877 235 921 287 ita
931 235 1034 293 multa.

129 339 137 345 ,
218 306 362 368 disseruit,
380 312 412 356 ut
423 310 558 358 excitaret
569 306 695 359 homines
705 322 762 358 non
776 306 907 359 socordes
918 307 1029 359 adseri

217 375 405 442 investigandi
416 377 606 442 cupiditatem.
642 375 667 430 5.
679 377 734 428 Res
746 378 817 428 enim
828 376 904 427 nulla
914 383 971 440 est,
991 377 1028 431 ds

191 449 198 462 ³
218 460 272 511 qua
283 450 428 511 tantopere
437 460 493 495 non
503 445 593 496 solnm
604 447 720 508 indocti,
731 446 780 497 sed
791 448 875 497 etiam
885 444 1035 516 tinctitiis·j

218 514 347 564 sentiant.
386 514 510 576 Quorum
525 516 670 581 opiniones
684 531 766 582 quum
783 521 842 566 tam
857 515 953 567 vanae
970 519 1028 567 sint

218 589 330 649 tamque
345 584 418 633 inter
430 599 462 635 se
478 585 656 637 dissidentes:
671 586 796 636 'alterum
817 585 880 636 lieri
893 584 1027 651 proiecto

114 642 140 684 ’κ
219 656 321 719 potest,
336 657 368 702 ut
378 666 472 703 earum
483 654 574 717 nulla3
591 655 709 707 alterum
722 661 797 717 certe
808 670 863 705 non
872 658 980 721 potest,
995 660 1028 705 ut

218 721 282 789 plus
292 736 425 773 unsvers
439 723 483 773 sit.
519 724 566 775 lll.
585 724 647 786 Qua
657 724 768 793 quidem
784 724 814 774 in
828 739 926 775 caussa
939 730 971 776 et
981 725 1028 776 be

218 790 334 843 nevolos
346 791 540 859 obiurgatores
551 794 671 861 placare,
693 800 722 846 et
732 794 841 845 invidos
849 793 1029 860 vituperato·

218 876 263 913 res
284 859 430 913 confutare
449 877 609 928 possumus,
633 871 666 916 nt
686 865 792 915 alteros
810 861 1028 931 reprehendisse

217 930 374 998 poeniteat,
393 932 477 983 alteri
498 933 629 985 didicisse
649 949 679 985 se
699 933 847 1001 gaudeant.
883 931 1029 1001 Numqui

219 999 371 1051 admonent
380 1005 477 1064 amice,
488 1001 604 1053 docendi
615 1008 692 1053 sunt:
705 1005 752 1069 qui
763 1003 876 1052 inimice
886 998 1035 1054 insectan-

217 1074 278 1131 tur,
296 1070 459 1135 repellendi.
494 1071 520 1122 6.
535 1070 657 1122 Multum
668 1076 760 1123 antem
770 1069 884 1139 fluxisse
893 1070 982 1124 video
994 1072 1029 1124 ds

217 1138 297 1190 libris
313 1139 431 1201 nostris,
453 1153 522 1205 quos
538 1140 694 1206 complures
708 1141 786 1192 brevi
800 1146 926 1207 tempore
936 1142 1030 1193 edidi·

218 1222 288 1269 mus,
299 1210 461 1275 variumque
471 1223 636 1272 sermonem,
646 1212 748 1276 partim
760 1209 968 1274 admirantium,
980 1226 1030 1262 un·

219 1274 318 1328 dehoc
328 1276 548 1343 ‘philosophandi
563 1280 643 1330 nobis
658 1281 751 1331 subito
768 1280 890 1331 studium
902 1282 1031 1332 exstitis-

219 1351 272 1407 set,
282 1348 394 1411 partim,
405 1347 470 1413 quid
481 1362 589 1414 quaque
600 1349 634 1399 de
643 1364 674 1400 re
686 1350 756 1403 certi
766 1348 1030 1411 haberemus„scira

220 1414 398 1480 cupientium.
425 1416 524 1467 Multis
536 1418 620 1468 etism
631 1419 704 1470 sensi
714 1419 842 1471 mirabile
852 1419 951 1481 videri,
964 1435 1029 1473 cam

218 1484 301 1536 nohis
312 1487 485 1552 potissimum
496 1488 642 1555 probatam
655 1503 716 1541 esse
727 1487 941 1556 philosophiam,
954 1495 1029 1557 quae

219 1553 311 1607 lucem
322 1557 455 1624 eriperet,
476 1564 505 1609 et
515 1560 594 1626 quasi
604 1566 714 1612 noctem
725 1558 873 1629 quamdam
888 1561 976 1611 rehus
987 1560 1036 1627 of·¹

219 1616 358 1690 filuderei,
377 1625 559 1696 desertaeque
571 1627 742 1697 disciplinae,
758 1637 786 1682 et
795 1630 851 1681 iam
862 1629 972 1696 pridem
984 1636 1036 1681 rei

218 1693 314 1757 lictae,
330 1698 517 1762 patrocinium
529 1714 579 1749 nec
590 1701 734 1764 opinatum
744 1714 761 1748 a
771 1700 850 1750 nobis
860 1712 921 1748 csse
931 1712 1036 1749 susec-¹

218 1767 306 1829 ptum.
328 1764 387 1816 Nos
397 1771 489 1817 autem
501 1781 552 1815 nec
560 1768 654 1817 subito
667 1767 805 1831 coepimus
816 1764 1037 1863 philosophariq

195 1836 197 1841 ’
218 1845 271 1881 nes
279 1829 448 1882 mediocrem
458 1835 575 1897 aprimo
587 1838 714 1899 tempore
729 1833 831 1883 aetatis
841 1833 872 1880 in
883 1844 916 1882 eo
928 1831 1036 1893 studio,

219 1912 331 1965 apuam
342 1914 490 1966 curamque
500 1903 735 1966 consumpsimus:
754 1907 796 1962 et,
817 1914 899 1966 quum
909 1900 1036 1956 minimei

217 1967 388 2030 videbamur,
399 1974 458 2018 tum
472 1970 592 2020 maxime
602 1968 875 2035 philosophabamur.
900 1969 985 2031 Quod
997 1968 1036 2024 et³

219 2037 361 2090 maneries
372 2037 525 2100 declarant,
544 2038 665 2091 refertae
676 2038 904 2106 philosophorum
913 2045 1027 2092 senten·

219 2109 275 2170 tiis,
295 2112 324 2158 et
334 2105 559 2158 doctissimorum
572 2105 712 2158 hominum
725 2107 947 2171 familiaritates,
966 2111 1027 2176 qui·

218 2175 270 2227 bus
291 2190 401 2242 semper
420 2176 518 2227 domus
533 2183 630 2228 nostra
644 2175 754 2228 tlornit:
775 2186 803 2230 et
818 2179 956 2246 principes
972 2180 1025 2242 iili,

217 2243 364 2308 Diodotus,
375 2245 466 2308 Philo,
475 2244 638 2310 Antiochus,
654 2247 830 2311 Posidonius,
846 2247 972 2315 aquibus
982 2249 1025 2300 in·

218 2314 422 2367 stitutisumus.
458 2317 485 2368 ⁷.
495 2315 545 2379 Et,
563 2315 898 2385 si'cmniaphilosophiac
909 2331 1025 2385 praece·

204 2387 267 2450 ‘pta
276 2382 434 2436 referuntur
448 2384 484 2436 nd
496 2386 599 2449 vitam,
619 2387 788 2439 arbitramur
802 2393 892 2439 nos-et
902 2387 1023 2453 puhlicis

219 2458 247 2504 et
257 2452 374 2517 privatis
384 2454 413 2505 in
424 2455 506 2506 rebus
517 2472 551 2508 ea
564 2458 751 2524 praestitisse,
771 2457 924 2525 quae-ratio
936 2462 965 2509 et
975 2455 1024 2508 do·

218 2521 309 2573 ctrina
322 2525 542 2592 praescripserit.
578 2525 626 2578 IV.
645 2526 693 2579 Sin
712 2536 803 2579 autem
819 2527 880 2594 quis
895 2525 1023 2592 requirit,

219 2605 290 2657 quoe
302 2606 400 2646 caussa
414 2610 464 2647 nos
474 2595 628 2664 impulerit,
647 2600 681 2649 ut
692 2595 765 2649 haec
774 2602 831 2648 tam
844 2609 906 2647 sero
918 2594 1022 2648 litteris

219 2661 421 2729 mandaremus,
430 2665 502 2720 nihil
513 2675 565 2732 est,
577 2666 652 2734 quod
662 2665 793 2736 expedire
803 2672 862 2718 tam
873 2663 1023 2732 iacilepos·
