2084 3025
200 106 252 162 too
377 72 817 156 erc-'Neruusnuoaum
906 80 910 84 ’

199 207 370 269 volatilibus,
380 175 482 273 partim
493 206 637 273 capiendo,
648 191 751 273 partim
764 204 873 258 alendo.
896 202 1008 264 Elinoi·

111 323 115 330 .
199 293 260 331 mus
278 278 363 329 etiem
378 277 484 332 domitu
504 283 601 327 nostro
622 275 829 342 quadrupedum
847 275 1008 328 vectiones:

200 361 317 414 quorum
333 345 462 398 celeritas
478 345 561 413 etque
575 345 617 395 vis
633 346 713 396 nobis
729 345 800 410 ipsis
816 343 898 395 ellert
908 345 967 395 vim
978 352 1009 400 et

202 415 384 468 celeritatem.
420 415 479 466 Nos
489 429 575 465 onera
585 413 749 479 quibusdam
759 412 866 475 bestiis,
877 428 928 464 nos
937 414 1010 481 iuga

200 483 381 552 imponimus:
400 498 451 534 uos
463 481 672 548 elephantorum
687 482 854 532 acutissimis
868 482 1009 546 sensibus,

101 571 106 576 ·
201 567 253 604 uos
268 551 424 618 sagacitate
439 567 537 602 cenum
557 550 593 601 ad
607 550 760 601 utilitatem
775 555 899 603 nostram
914 550 1010 603 abuti·

201 635 277 673 mur:
298 634 348 671 nos
359 627 474 671 eterrue
485 620 612 672 cavernis
622 618 726 670 ferrum
738 618 877 680 elicimus,
898 634 959 671 rem
970 619 1010 672 ad

203 688 336 741 colendos
346 703 429 754 egros
439 689 639 741 necessariam:
655 703 705 739 nos
716 688 799 749 aeris,
812 689 934 755 argenti,
945 690 1009 744 auri

138 770 141 772 “
203 774 297 820 renos,
308 759 417 825 penitus
427 758 546 820 abditas,
561 757 724 819 invenimus,
738 763 767 808 et
778 756 814 807 sd
823 772 903 807 usum
913 764 1009 823 aptas,

203 827 278 880 etad
288 833 418 879 ornatum
429 827 559 878 decoras:
574 828 705 880 arborum
716 832 809 878 autem
820 826 1009 889 consentione,

203 897 333 962 omnique
345 895 470 958 materie,
489 902 517 947 et
527 895 603 948 culta
613 902 642 947 et
653 895 786 957 silvestri,
800 894 903 962 partim
912 895 950 946 ad
960 910 1008 948 oa·

202 964 389 1023 lelaciendum
401 981 510 1031 corpus,
521 966 582 1031 igni
591 963 725 1026 adhibito,
734 971 764 1016 et
775 965 810 1015 ad
820 963 1008 1029 mitigandum

204 1035 297 1085 cibum
307 1036 420 1097 utimur,
435 1034 537 1101 partim
548 1034 585 1084 ad
595 1032 805 1095 aedificandum,
821 1039 860 1096 ut,
870 1033 955 1086 tectis
964 1049 1008 1087 se·

203 1104 254 1171 pti,
264 1102 374 1169 frigora
385 1103 548 1170 caloresque
559 1103 704 1169 pellamus.
733 1098 793 1156 152
807 1102 926 1169 Magnos
937 1117 1019 1161 vero,

203 1187 270 1226 usus
279 1171 362 1223 affert
370 1171 407 1222 ad
416 1172 528 1239 navigio
537 1171 675 1233 facienda,
687 1185 805 1236 quorum
811 1171 1008 1238 cursibussup·

203 1240 365 1309 peditantnr
375 1255 471 1293 omnes
481 1241 602 1307 undique
612 1239 743 1294 advitam
753 1240 861 1307 copiae:
880 1255 1009 1308 quasque

203 1324 249 1361 res
258 1309 474 1361 violentissimas
484 1316 586 1362 natura
602 1309 713 1377 genuit,
733 1324 828 1362 earum
838 1308 1010 1366 moderatio·

204 1393 268 1430 nem
279 1392 329 1429 nos
339 1379 393 1429 soli
403 1377 552 1443 babemus3
572 1378 657 1430 maris
670 1385 753 1446 atque
762 1382 923 1440 ventorum,
943 1392 1009 1445 pro·

108 1501 113 1504 Α
203 1454 268 1516 pter
276 1448 449 1499 nauticarum
460 1464 552 1501 rerum
563 1447 721 1512 scientiom3
732 1447 912 1516 plurimisque
921 1448 1009 1502 meri·

203 1517 281 1568 timis
291 1520 373 1570 rebus
383 1518 503 1570 fruimur
511 1526 594 1586 atque
605 1517 716 1572 utimur,
740 1518 927 1573 Terrenorum
936 1518 1008 1571 item
1040 1558 1041 1563 η

203 1587 412 1645 commodorum
423 1589 512 1640 omnis
524 1594 567 1640 est
579 1589 609 1638 iu
620 1586 730 1640 bomine
741 1586 908 1642 dominatus.
944 1586 1008 1641 Nos
1038 1588 1040 1645 J

202 1656 322 1721 campis,
340 1671 391 1707 nos
406 1658 548 1709 montibus
562 1656 695 1717 fruiuurr:
716 1657 806 1708 nostri
820 1662 886 1709 sunt
899 1670 1009 1719 amnes,
1036 1654 1038 1727 J

202 1726 396 1776 nostrilncus:
416 1725 575 1793 nosfruges
589 1726 721 1788 serimus,
742 1726 933 1779 nosarborem
953 1740 1008 1778 nos
1034 1730 1036 1767 l

203 1808 338 1858 aquarum
352 1792 560 1845 inductionibus
574 1795 658 1846 terris
676 1793 877 1849 fecunditatem
891 1793 1008 1858 demun

203 1859 522 1924 nosfluminaarcemus,
540 1862 697 1928 dirigimus,
716 1864 880 1921 avertimus:
901 1863 1008 1927 nostris
1030 1896 1032 1931 4

203 1929 321 1995 denique
331 1929 456 1980 manibus
472 1930 501 1980 in
515 1945 608 1982 rerum
623 1938 724 1983 natura
733 1933 814 1998 quasi
829 1930 947 1985 alteram
960 1947 1008 1983 na·
1029 1930 1031 1935 ’

163 2005 165 2009 ’
205 1996 568 2053 turemefficereoouemur.
603 1995 937 2063 Lxl.153.euidrerot
960 1998 1010 2051 bo·

203 2067 309 2117 minum
324 2066 397 2117 ratio
412 2081 467 2118 non
482 2067 511 2118 in
526 2064 634 2120 caelum
650 2081 739 2134 usque
752 2068 926 2133 penetravitt
946 2068 1010 2125 Soli

204 2134 279 2187 euim
298 2148 333 2187 ex
352 2133 541 2187 animantibus
561 2151 611 2187 nos
630 2141 770 2189 astrorum
790 2141 884 2201 ortus,
904 2138 1010 2209 obitus,

203 2216 356 2269 cursusque
370 2204 563 2270 cognorimus:
582 2204 618 2256 nb
636 2202 778 2257 bominum
790 2220 896 2272 genere
911 2207 1011 2265 finitus

204 2277 247 2323 est
257 2271 327 2334 dies,
337 2273 449 2336 mensis,
460 2289 561 2327 sunus:
573 2272 746 2326 defectiones
755 2273 825 2329 solis
835 2280 865 2329 et
872 2275 958 2331 lunae

203 2340 314 2407 gnitae,
339 2341 554 2409 praedictaeque
573 2344 603 2393 in
623 2358 705 2394 omne
724 2349 869 2410 posterum
889 2352 968 2413 temp

204 2423 285 2477 quae,
295 2417 425 2478 quantoe,
436 2412 546 2478 quando
557 2410 670 2464 futurae
680 2411 746 2464 sint.
781 2413 861 2474 Quae
872 2420 978 2467 coutue

205 2479 321 2543 motus,
340 2480 442 2547 accipit
451 2481 485 2532 eb
496 2480 540 2532 bis
551 2481 738 2546 cognitionem
748 2481 888 2547 Deorum3
910 2499 975 2552 exq

204 2548 296 2600 oritur
306 2548 411 2617 pietas:
432 2549 476 2601 oui
486 2549 633 2601 coniuncta
647 2550 758 2605 iustitia
772 2556 815 2603 ost
825 2552 975 2620 reliquaeq

203 2616 336 2671 virtutem
355 2635 371 2671 e
387 2618 487 2687 quibos
501 2619 561 2673 vita
574 2621 658 2675 beate
671 2618 782 2674 exsistit
796 2635 849 2688 par
869 2628 898 2676 ct
909 2622 988 2681 simil
