2084 3025
93 160 101 180 ’·
119 151 139 193 -¹
216 152 296 210 LIB.
313 155 370 210 111.
406 156 492 213 CAP.
510 154 662 215 38.39.40.
793 160 842 221 tu

41 263 104 320 nire
113 265 192 315 certe
205 260 311 329 potuit,
331 267 360 313 et
375 276 542 316 conservare
556 264 640 317 urbes
655 269 844 333 tantisatque

39 333 118 386 tales.
153 330 214 383 Vos
224 331 298 383 enim
309 332 365 398 ipsi
375 331 467 384 dicere
477 333 584 396 soletis,
596 333 668 385 niliil
679 351 751 397 esse,
770 335 844 402 quod
858 358 862 365 ¹

39 402 115 456 Deus
123 416 179 452 non
189 402 280 467 possit
290 401 414 463 efficere,
434 408 463 453 et
474 402 586 471 quidem
598 404 658 455 sine
668 404 765 457 labore
775 405 843 458 ullo.

39 472 158 524 Uteaim
167 470 310 521 hominum
319 472 445 523 membra
454 473 533 524 nulla
543 473 734 536 contentione,
751 485 844 529 mente

38 543 151 610 ipsane
169 539 316 592 voluntate
335 548 514 593 moveantur:
537 543 578 593 sic
593 546 704 595 numine
719 544 843 596 Deorum

40 610 131 664 omma
141 609 219 676 fingi,
231 613 348 673 moveri,
358 611 516 678 mutarique
528 627 621 678 posse.
657 612 753 681 Neque
762 613 792 665 id
804 614 844 665 di·

40 681 103 733 citis
119 679 317 747 superstitione
336 685 418 746 atque
434 681 559 744 aniliter,
579 680 629 734 sed
649 682 767 751 physica
782 699 846 735 con·

40 750 181 818 mantione
200 749 319 801 ratione.
354 748 502 801 Materiam
524 751 597 803 enim
612 765 721 815 reruni,
742 754 776 804 ex'
791 767 847 820 qua

42 826 70 873 et
78 819 110 870 in·
118 834 175 885 qua
187 824 285 869 onmia
299 819 369 881 sint,
389 824 478 871 totam
496 835 559 873 esse
570 819 723 873 flexibilem
735 828 763 874 et
773 837 847 873 com·

40 888 210 949 mutabilem,
221 893 254 937 ut
263 887 334 957 nihil
345 889 389 951 sit,
402 889 475 957 quod
487 905 542 941 uon
554 905 589 941 ex
602 906 635 941 eu
647 892 773 957 quamvis
784 890 835 941 sub

39 957 81 1011 iio
93 958 163 1024 fingi
178 958 358 1024 convertique
373 959 476 1025 possit.
508 958 577 1011 Eius
596 968 688 1011 autem
700 961 846 1012 universae

38 1029 176 1091 fictricemv
194 1032 223 1079 et
243 1027 457 1081 moderatricem
477 1028 601 1081 divinam
623 1045 684 1082 esse
700 1029 847 1097 providen-

38 1099 116 1151 tiam.
141 1092 239 1148 mane
246 1097 344 1163 igitur,
365 1113 537 1165 quocumque
553 1108 718 1163 semoveat,
736 1099 846 1153 efficere

38 1183 127 1237 posse,
137 1166 274 1234 quidquid
286 1167 363 1219 velit.
390 1168 487 1235 ltaque
496 1172 653 1232 autumem,
665 1169 731 1238 quid
742 1170 845 1239 possit:

40 1244 86 1291 aut
95 1238 217 1305 negligit
227 1252 272 1288 res
283 1235 430 1289 humanus:
442 1243 499 1302 aut,
510 1239 578 1306 quid
588 1240 626 1291 sit
633 1240 778 1306 optimum,
791 1255 846 1291 uou

25 1314 131 1431 ‚mat
142 1306 280 1359 iudicare.
315 1305 382 1358 Non.
391 1313 471 1359 curat
479 1309 606 1376 singulos
616 1307 751 1362 homines.
781 1309 845 1361 Nou

68 1380 74 1392 '
110 1392 154 1429 m:
168 1391 205 1427 ne
216 1376 346 1428 civitates
358 1376 476 1444 quidem.
505 1378 549 1430 oa
561 1378 846 1431 Nouensiuenatio·

2 1442 5 1449 ⁴
39 1446 213 1517 sesquidem
223 1451 253 1498 et
261 1453 367 1515 gentes.
401 1445 482 1510 Quod
493 1447 516 1499 si
527 1447 672 1501 hasetiam
684 1448 847 1509 contemnit,

39 1518 104 1586 quid
118 1518 223 1570 mirum
240 1523 297 1580 est,
316 1532 399 1571 omae
412 1519 447 1569 ab
463 1535 496 1571 ea
513 1535 600 1587 genus
617 1518 768 1571 humanum
785 1532 847 1570 esse

39 1586 247 1656 contemptum?
257 1586 321 1649 Sed,
332 1603 385 1654 quo
396 1589 478 1640 modo
489 1589 574 1638 iidem
581 1588 683 1649 dicitis,
693 1588 847 1640 nonomuiu

38 1656 113 1711 Deos
124 1657 266 1726 persequi,
276 1656 362 1707 iidem
372 1655 464 1720 vultis,
480 1671 497 1709 o
508 1657 571 1708 Diis
581 1655 791 1707 immortalibus
799 1654 847 1708 ho·

38 1729 157 1782 minibus
168 1726 316 1793 dispartiri
327 1742 359 1777 ue
370 1726 455 1777 dividi
465 1726 592 1778 somniat
609 1727 718 1779 Idcirco
729 1725 798 1777 haec
807 1733 847 1778 te·

40 1814 114 1863 mm,
136 1798 205 1866 quia
215 1803 312 1850 vestra
326 1802 369 1847 est
380 1796 414 1848 de
425 1797 598 1848 somniorum
609 1796 728 1848 veritate
738 1802 847 1848 senten·

39 1868 86 1921 tia.
118 1868 211 1935 Atque
220 1866 308 1919 iidem
318 1866 402 1918 etiam
413 1872 480 1919 vota
490 1867 593 1933 suscipi
604 1866 697 1920 dicitis
708 1873 846 1934 oportere.

39 1937 143 2005 Nempe
154 1936 260 2003 singuli
271 1943 386 1987 vorent:
400 1936 478 1987 audit
487 1938 655 2005 igiturmens
662 1936 847 1989 divinaetiam

39 2006 71 2059 de
80 2008 213 2075 singulis.
242 2004 355 2060 Videtis
367 2021 444 2075 ergo,
454 2022 515 2058 eam
525 2022 580 2057 non
591 2021 652 2057 esse
661 2012 720 2058 tam
730 2021 848 2073 occupa·

38 2084 110 2141 tam,
131 2089 216 2145 quam
228 2076 388 2142 putabatisi
409 2076 466 2128 Fac
484 2075 719 2138 mollimentum,
740 2075 849 2129 caelum

37 2157 210 2209 versantem,
219 2153 325 2197 terram
335 2151 468 2208 tuentem,
479 2147 569 2197 maria
580 2145 781 2197 moderantem:
798 2160 847 2197 cur

35 2221 92 2268 tam
100 2218 212 2268 multos
224 2215 302 2267 Deos
313 2214 383 2266 nihil
397 2230 482 2294 agere
497 2222 526 2267 ct
537 2230 645 2267 cessare
656 2214 778 2282 patitur!
799 2230 848 2267 cur

36 2300 89 2338 aon
110 2288 200 2339 rebus
220 2284 349 2337 humanis
366 2284 474 2352 aliquos
490 2285 597 2337 otiosos
611 2283 687 2337 Deos
702 2282 848 2352 praefiniti

37 2358 82 2476 pai
92 2374 111 2409 a
124 2362 165 2419 te,
175 2356 277 2417 Balbe,
287 2354 506 2407 innumerabiles
516 2355 651 2422 explicati
660 2360 733 2407 sunt.
768 2355 848 2406 llaec

49 2443 94 2480 ere
106 2427 208 2479 dicere
220 2424 306 2477 habui
317 2424 463 2477 denatura
471 2425 604 2486 Deorum,
614 2440 669 2475 non
678 2430 710 2475 ut
721 2440 783 2475 eam
793 2421 848 2475 tol·
871 2420 908 2442 ²·

38 2492 133 2561 ierem,
157 2494 471 2561 sedutiutelligeretis,
491 2510 573 2562 quam
584 2496 799 2555 cmctobscum,
819 2496 847 2541 et

34 2577 114 2632 quam
129 2566 264 2618 difficiles
276 2565 431 2631 explicatus
440 2564 566 2617 liaberet.

80 2637 147 2689 XL.
163 2636 211 2689 94.
223 2635 302 2696 Quae
317 2650 401 2703 quum
411 2634 537 2697 dixisset,
548 2635 633 2685 Cotta
643 2631 735 2683 finem.
765 2623 865 2677 Luci:
948 2631 949 2638 ¹

29 2701 85 2759 lius
97 2712 212 2771 autem,
231 2702 440 2770 vehementius,
454 2704 561 2773 inquit,
571 2705 674 2823 {opta
690 2706 722 2750 tu
733 2695 859 2788 quiam!
