2084 3025
211 127 230 181 d
291 120 294 123 ⁴
392 128 448 183 DE
465 126 636 183 NATURA
653 123 834 179 DEORUM

213 245 301 297 paene
315 229 469 283 videantur.
507 232 612 282 Contra
625 245 694 298 quos
705 227 862 281 Carneades
874 227 918 279 ita
927 225 1035 300 muita,

16 292 25 302 ’
125 332 135 338 ,
214 299 358 361 disseruit,
377 305 409 349 ut
420 302 554 351 excitaret
565 299 758 350 homiriesnon
772 298 903 349 socordes
915 297 951 349 ad
958 300 1026 350 reri

213 368 401 435 investigandi
413 369 603 434 cupiditatem.
638 366 664 421 5.
675 369 731 420 Res
740 370 814 419 enim
824 368 901 418 uuila
911 373 964 429 est,
985 367 1035 430 dei

187 443 194 456 “
215 454 269 504 qua
280 443 424 503 tantopere
433 453 489 488 non
499 437 589 488 solum
600 438 716 500 indocti,
727 438 777 488 sed
787 440 871 489 etiam
882 436 959 487 docti
965 436 1035 506 dis-j

214 507 344 557 sentiant.
383 508 507 569 auorum
521 507 666 573 opiniones
681 523 763 574 quum
780 513 838 558 tam
853 506 947 557 variae
962 508 1034 558 sint}

215 582 327 642 tamque
342 577 414 626 iuter
426 592 458 627 se
475 577 653 628 dissidentes:
668 577 793 629 ‘aiterum
814 576 876 627 iieri
890 574 1023 642 profecto

126 661 136 676 e
215 649 317 712 potest,
332 650 364 694 ut
373 659 469 696 earum
480 646 571 709 uuila3
587 647 794 708 alterum‘certe
804 651 973 712 nonpotest
989 650 1034 700 ut,

214 714 278 783 plus
289 728 421 765 unsvers
435 716 480 766 sit.
515 716 562 767 111.
582 716 644 777 Qua
653 716 766 784 quidem
781 716 811 765 in
825 731 923 776 caussa
934 720 963 766 et
974 715 1023 765 he

214 783 330 836 nevolos
342 783 537 852 obiurgatores
548 786 668 852 placare,
690 791 718 837 et
729 785 836 837 invidos
846 784 1024 851 vituperato·

214 868 259 906 res
281 852 426 905 confutare
446 869 605 920 possumus,
629 862 662 907 ut
683 856 788 907 alteros
807 853 1023 920 reprehendisse

214 923 370 990 poeniteat,
390 924 474 975 alteri
494 924 626 977 didicisse
645 941 676 976 se
696 925 844 991 gaudeant.
880 922 1023 991 Numqui

215 992 367 1043 admonent
377 996 474 1057 amice,
485 993 600 1044 docendi
611 1000 688 1044 su'nt:
701 996 748 1060 qui
760 993 872 1043 inimice
882 989 1034 1052 insertam,

214 1066 275 1123 tur,
293 1061 455 1127 repellendi.
491 1063 516 1114 d.
532 1061 653 1113 Multum
664 1068 757 1113 sutem
767 1060 880 1112 fluxisse
890 1061 975 1114 rideo
988 1061 1024 1114 de

214 1130 293 1182 libris
306 1131 518 1197 nostrissquos
535 1131 690 1197 compiures
704 1131 782 1182 brevi
796 1121 923 1204 tempore
933 1132 1034 1214 edint,

215 1215 285 1261 mus,
292 1201 457 1266 'variumque
468 1214 632 1263 sermonem,
643 1203 745 1268 partim
757 1201 963 1264 admirantium,
973 1216 1024 1252 un·

216 1267 314 1321 dehoc
325 1268 546 1335 philosophandi
560 1272 640 1322 nobis
655 1272 747 1322 subito
765 1271 888 1322 studium
899 1272 1025 1322 exstitis-

216 1344 269 1399 set,
278 1340 391 1403 partim,
402 1338 467 1405 quid
478 1354 587 1406 quaque
597 1340 671 1392 dere
683 1341 753 1394 certi
762 1340 1034 1401 haberemus-scire,

217 1406 395 1472 cupientium.
421 1407 521 1459 Multis
533 1410 617 1460 etiam
628 1410 701 1461 sensi
711 1411 838 1461 mirabile
849 1409 947 1471 videri,
959 1425 1034 1462 eam

215 1476 298 1528 nohis
309 1478 482 1544 potissimum
493 1480 639 1547 probatam
653 1495 713 1532 esse
725 1478 938 1547 philosophiam,
950 1455 1035 1551 quasi

216 1546 308 1599 lucem
319 1549 452 1615 eriperet,
474 1555 502 1600 et
512 1551 591 1617 quasi
601 1558 711 1602 noctem
722 1550 870 1620 quamdam
886 1551 971 1601 renus
983 1549 1034 1601 oft

216 1609 355 1681 finderet,
374 1616 557 1687 desertaeque
568 1620 739 1687 disciplinae,
755 1627 783 1672 et
792 1619 849 1671 iam
858 1619 969 1686 pridem
980 1614 1034 1672 rei

215 1686 311 1749 lictae,
327 1689 514 1754 patrocinium
526 1692 731 1754 necopinatum
741 1705 758 1739 a
768 1691 847 1740 nobis
858 1703 918 1739 esse
929 1703 1023 1740 susce·
1033 1702 1034 1759 3

215 1760 303 1821 ptum.
325 1756 384 1807 Nos
394 1763 487 1809 autem
498 1772 549 1809 nec
557 1759 651 1808 subito
664 1758 803 1821 coepimus
813 1755 1021 1822 philosophari:

192 1828 195 1833 '
216 1837 268 1874 nce
277 1822 445 1875 mediocrem
456 1826 573 1890 aprime
585 1831 711 1890 tempore
727 1824 830 1875 aetatis
839 1824 870 1873 in
881 1824 914 1874 eo
926 1826 1021 1878 studio
1033 1834 1034 1887 i

216 1905 329 1958 opermn
340 1906 487 1958 curamque
498 1895 733 1958 consumpsimus:
752 1899 794 1954 et,
815 1908 896 1959 quum
907 1892 1022 1947 minima

213 1960 385 2023 videbamur,
396 1968 456 2012 tum
470 1962 589 2013 manime
600 1962 873 2028 philosophabamur.
898 1961 981 2023 Quod
993 1969 1034 2015 et¹

216 2030 359 2082 orationes
371 2030 523 2093 declarant,
542 2031 662 2083 refertae
673 2030 902 2098 philosophorum
912 2037 1021 2083 senten·
1033 2040 1034 2093 g

217 2102 273 2162 tiis,
292 2098 557 2151 etdoctissimorum
570 2098 710 2151 hominum
723 2101 944 2162 familiaritates,
963 2098 1034 2168 qui-1

215 2169 268 2219 bus
289 2182 399 2235 semper
413 2169 515 2220 domus
531 2175 628 2220 nostra
642 2168 752 2221 floruit:
773 2177 802 2221 et
816 2170 953 2237 principes
969 2171 1021 2234 illi,

215 2236 362 2301 Diodotus,
373 2238 464 2301 Philo,
473 2238 636 2303 Antiochus,
652 2239 828 2302 Posidonius,
844 2256 861 2290 a
871 2238 969 2306 quibus
979 2241 1034 2297 ini

216 2306 308 2357 stituti
318 2322 421 2360 sumus.
457 2309 482 2360 7.
494 2308 543 2372 Et,
561 2309 588 2360 si
594 2310 691 2360 'omnia
701 2307 895 2376 philosophiae
907 2320 1020 2375 praece·
1033 2314 1034 2361 i

201 2381 265 2442 *pta
274 2375 432 2428 reiemnitur
446 2377 483 2429 nd
494 2380 597 2442 vitam,
617 2381 786 2431 arbitramur
800 2383 890 2430 nos-et
900 2377 1019 2444 publicis

217 2451 245 2497 et
254 2444 372 2510 privatis
382 2447 411 2497 in
422 2448 504 2499 rebus
515 2464 549 2501 ea
562 2448 750 2517 praestitisse,
769 2448 922 2517 quaeratis
934 2451 962 2498 et
972 2446 1019 2498 do·
1033 2508 1034 2511 Ἴ

216 2514 307 2566 ctrina
320 2517 540 2584 praescripserit.
577 2518 624 2572 lV.
643 2518 691 2571 Sin
710 2519 802 2571 autem
817 2519 878 2584 quis
893 2516 1019 2582 requirit,

162 2653 164 2655 ι
217 2598 287 2650 quus
300 2600 398 2638 caussa
412 2603 462 2639 nos
472 2588 626 2656 impulerit,
645 2592 679 2641 'ut
690 2588 763 2640 haec
772 2594 830 2639 tam
842 2600 904 2638 sero
915 2584 1018 2639 litteris
1033 2586 1034 2642 Ϊ

217 2653 420 2721 mandaremus,
429 2657 500 2712 nihil
511 2667 563 2725 est,
575 2660 649 2727 quod
660 2657 791 2727 expedire
802 2662 860 2709 tam
871 2654 1019 2723 faciiepos·
