2084 3025
225 46 232 55 ·
290 16 379 78 PAR.
396 21 448 77 Vl.
477 23 560 79 CA‘P.
575 21 648 117 233.
840 21 875 77 ⁸7

64 145 156 202 guam
175 129 360 197 suquonnm
375 145 527 198 numquam
543 144 704 197 assonam,
724 142 874 196 numquam

66 201 183 254 omnino
196 215 225 250 es
232 198 346 251 futurus
357 198 444 251 dines.
479 201 573 252 Meam
584 207 676 252 autem
688 199 818 267 quoniam
827 214 874 266 pe·

65 269 355 332 euniam'oontemnis,
377 275 504 332 streete,
527 276 587 332 (est
597 270 670 321 enim
680 269 716 321 ad
727 270 805 336 vulgi
815 268 875 334 opi-

64 341 181 391 nionern
191 338 355 402 mediocris,
378 339 414 390 ad
425 334 510 402 tuam,
522 338 612 403 nullae
628 339 668 390 ad
680 355 778 401 means,
789 334 875 389 noui-

65 412 143 470 oar),
157 407 191 459 de
210 423 254 459 rne
270 408 372 471 silebo:
393 408 428 461 de
438 424 472 461 re
487 409 595 476 loquar.
631 409 674 460 ts.
693 408 722 460 Si
739 406 876 460 censenda

61 477 150 531 nobis
161 482 242 543 atque
253 478 481 530 aestimandam
492 479 538 540 sit,
557 484 652 529 utrum
665 478 775 529 tandem
787 477 876 543 pluris
914 529 919 533 ,

64 547 250 617 aestimemus
258 549 405 614 pecuniam
417 546 528 614 Pyrrhi,
549 563 630 614 quam
640 547 771 598 Fahririo
782 547 876 609 dabat,
937 578 941 584 -

63 634 105 683 an
118 616 320 670 continentiam
329 617 467 681 Fabricii,
488 619 536 684 qui
551 618 629 668 illan
641 617 785 684 penuriam
796 630 877 681 repu-

62 684 185 738 dianatt
200 693 297 737 utrum
308 687 587 749 aurumASamnitum
608 703 643 737 an
658 702 819 752 responsum
831 685 875 735 Μ’

63 750 165 808 Curii?
187 753 370 811 hereditatem
382 757 414 808 L.
425 757 532 818 Paulli,
550 772 588 807 an
599 756 794 808 liberalitatem
805 752 877 806 stri·

63 824 146 886 cani,
170 824 217 890 qui
233 826 292 879 eius
305 825 472 883 hereditatis
484 828 517 888 Q.
529 826 654 876 Maximo
670 822 752 876 fratri
769 830 877 891 partem

63 891 152 947 'suom
165 895 319 946 eoncessitl
339 896 418 948 Haeo
434 893 578 962 proiecto,
599 909 669 962 quae
684 900 749 945 sunt
759 907 877 944 summa·

61 979 132 1019 rum
149 963 296 1028 virtutum,
315 966 404 1031 pluris
424 964 697 1026 aestimandasunt,
719 978 801 1031 quam
817 962 876 1023 illa,

63 1039 218 1103 quaesunt
226 1035 372 1100 ,pecuniae
399 1035 470 1097 Quis
480 1035 567 1101 igitur
579 1035 619 1098 (si
632 1030 751 1103 quidem,
763 1039 794 1083 ut
805 1031 878 1099 quis·

63 1119 139 1172 que,
162 1103 235 1169 quod
245 1103 357 1171 plurimi
366 1105 418 1167 sit,
437 1103 592 1170 possideat,
612 1103 818 1156 itaditissimus
830 1100 877 1152 ha·

62 1172 180 1243 b‘endus
200 1174 253 1236 sit)
273 1173 394 1237 dubitet,
414 1174 479 1240 quin
496 1174 528 1224 in
549 1175 654 1226 virtute
673 1174 790 1224 divitiae
806 1168 878 1222 sinti

64 1240 206 1311 qnoniam
219 1243 296 1294 nulla
315 1243 470 1310 possessio,
489 1243 569 1296 nulla
584 1244 624 1294 vis
637 1243 702 1294 auri
717 1249 746 1294 et
761 1239 878 1308 argenti,

62 1312 171 1383 pluris,
193 1326 274 1377 quant
285 1314 384 1375 virtus,
395 1313 570 1365 aestimanda
579 1318 631 1365 est.
667 1311 713 1363 tlt
731 1311 775 1362 to.
795 1308 880 1365 ODii

63 1382 261 1447 immortales!
270 1398 326 1433 non
335 1383 498 1450 intelligunt
507 1379 644 1442 hominus,
655 1395 737 1448 quarn
749 1393 879 1446 magnum

63 1450 197 1519 vectigal
216 1452 253 1502 sit
271 1453 451 1519 parsimonia.
487 1449 579 1503 Venio
596 1451 741 1502 animiam
757 1448 791 1499 nd
808 1462 880 1498 sum·

64 1529 203 1592 ptuosos:
223 1523 349 1589 relinquo
360 1524 443 1574 istum
456 1528 662 1589 quaestuosum.
692 1520 774 1586 Capit
783 1517 832 1569 ille
845 1532 880 1574 ex

67 1593 133 1645 suis
144 1591 266 1658 praediis
277 1599 408 1644 sexcenta
418 1592 563 1654 sestertia;
574 1605 626 1657 ego
634 1589 878 1641 centenaexmeis:

65 1661 118 1714 illi
125 1696 135 1722 ,
156 1668 254 1712 aurata
263 1666 338 1714 tecta
346 1662 378 1712 in
389 1661 465 1712 villis
477 1666 505 1711 et
516 1657 578 1712 sola
588 1671 745 1711 marmorea
757 1657 878 1718 facienti,

66 1736 102 1784 ot
112 1729 207 1797 signa,
225 1731 353 1793 tabulas,
373 1730 591 1796 supellectilem,
609 1734 640 1781 et
652 1736 759 1780 restem
771 1727 879 1777 induite

62 1801 349 1865 eoncupiscentinon
359 1801 443 1851 niodo
454 1799 489 1850 ad
500 1807 639 1866 sumptum
648 1799 699 1851 ille
710 1805 753 1850 est
763 1795 880 1860 fructus,

67 1869 123 1924 sed
134 1871 217 1921 etiam
224 1871 263 1921 ad
272 1870 362 1932 tenus,
373 1870 500 1936 exiguus
519 1870 564 1920 Ex
574 1885 636 1921 meo
647 1869 725 1920 tenui
735 1866 880 1933 vectigali,

70 1939 212 1992 detractis
222 1941 378 2008 sumptibus
388 1939 558 2005 cupiditatis,
569 1938 675 2006 aliquid
686 1938 771 1989 etiarn
782 1936 881 1988 redun-

70 2009 166 2061 dabit.
200 2010 270 2062 llter
279 2010 368 2077 igitur
378 2014 421 2060 est
433 2009 558 2070 divitior,
578 2010 626 2059 oui
638 2008 724 2070 deest,
732 2024 770 2059 -an
783 2007 826 2058 cui
837 2021 881 2056 su-

69 2078 174 2149 perati
185 2080 232 2146 qui
241 2086 313 2148 eget,
325 2095 360 2129 an
372 2079 419 2145 qui
429 2078 571 2130 abundate
587 2079 665 2129 cuius
673 2076 815 2145 possessio
827 2090 881 2143 que

70 2154 120 2203 est
131 2150 234 2210 maior,
256 2164 290 2201 eo
300 2148 364 2215 plus
378 2147 494 2215 requae
510 2148 548 2199 ad
559 2164 589 2200 se
598 2148 741 2200 tuendam:
764 2163 799 2197 an
810 2160 881 2213 quae

70 2219 136 2274 suis'
147 2233 177 2269 se
185 2219 289 2270 uiribus
298 2217 434 2269 sustinetl
466 2217 511 2270 50.
532 2217 587 2270 Sed
599 2218 664 2285 qnid
677 2232 729 2284 ego
740 2216 774 2268 de
787 2232 831 2267 me
841 2214 882 2265 lu·

72 2303 161 2357 quor,
192 2290 239 2353 qui
258 2303 421 2339 morumne
440 2294 598 2354 temporum
618 2288 687 2338 vitio
709 2288 881 2353 aliquantum

62 2360 162 2426 ,etiam
184 2358 243 2423 ipse
257 2358 378 2409 fortasse
396 2358 426 2407 in
440 2355 523 2407 huius
539 2357 645 2409 saeculi
660 2370 753 2407 errore
767 2349 880 2404 uerseri

67 2429 116 2483 Μ’
126 2427 261 2479 Manilius
278 2436 387 2494 patrum
399 2432 558 2478 nostrorum
569 2427 881 2487 momoria(nese1nper

71 2497 178 2565 Curios
191 2497 372 2552 etLuseinos
386 2497 552 2564 loquamur)
568 2510 674 2561 pauper
689 2492 800 2544 tandem
817 2488 890 2544 fuit.
951 2492 953 2496 ’

70 2567 185 2631 Habuit
197 2568 270 2621 enim
279 2566 420 2622 aediculas
431 2567 460 2619 iu
472 2566 594 2631 Carinis,
614 2571 643 2617 et
657 2562 772 2615 fundunt
785 2562 816 2614 io
827 2558 880 2612 La·
