2084 3025
143 174 147 180 -
224 138 279 190 DE
297 138 491 193 AMICITIA
510 140 596 194 CAP.
611 142 637 193 8.
653 137 678 193 9.
820 139 857 195 45

48 259 133 297 sensu
149 242 273 306 amandi,
295 260 376 366 quam
394 246 579 314 cogitatione,
600 251 732 313 quantum
747 242 799 296 illa
810 256 858 297 ree

48 314 183 368 utilitatis
204 321 277 365 essct
319 317 437 369 abitura.
474 316 688 383 quodquidam
710 315 792 382 quale
812 316 859 378 sit,

49 386 138 438 etiam
150 386 177 434 in
190 385 289 437 bestiis
301 387 464 453 quibusdam
477 386 775 453 animadvertipotest:
788 400 858 452 quae

49 471 85 508 ex
94 461 219 505 senatos
231 455 272 507 ita
284 464 378 508 amant
394 457 428 509 ad
440 458 578 525 quoddam
590 463 711 523 tempus,
732 461 761 507 et
770 456 805 506 ab
817 455 858 507 eis

48 527 92 577 ita
103 533 243 587 amantur,
255 532 285 577 ut
295 524 377 579 facile
388 543 484 579 earum
496 543 593 578 sensus
604 530 746 593 appareat.
776 523 860 586 Quod

48 596 77 646 in
89 593 202 647 homine
213 597 301 647 multo
313 605 355 649 est
366 599 530 650 evidentius.
566 596 690 648 Primum
702 610 735 645 cx
746 609 780 645 ea
791 595 859 645 cari·

42 672 125 728 tate,
148 681 219 732 quae
232 672 275 717 est
289 668 362 719 inter
377 674 459 719 natos
471 675 498 719 et
510 674 656 734 parentes3
677 679 747 731 quae
758 663 860 724 dirimi,

48 736 105 787 nisi
118 735 280 797 detestabili
291 739 408 801 scelere,
430 754 483 790 non
495 744 597 805 potest.
633 733 757 795 Deinde,
777 747 860 799 quum

50 805 152 857 similis
163 822 261 857 sensus
273 809 380 859 exstitit
390 808 534 869 emerissi
546 806 665 874 aliquem
676 805 752 856 nacti
758 817 861 863 sumus,

52 876 131 926 cuius
143 892 205 926 cum
217 878 341 929 moribus
353 885 380 930 et
391 883 491 930 natura
503 892 695 945 congruamus,
703 872 777 941 quod
787 872 816 921 in
827 887 861 924 eo

51 946 134 1014 quasi
145 946 238 998 lumen
248 948 361 1016 aliquod
376 948 525 1016 probitatis
542 957 569 998 et
579 946 691 998 virtutis
704 943 861 1010 perspicere

23 1066 27 1075 ,
51 1015 207 1067 videamur,
245 1019 287 1070 28.
300 1018 376 1069 Nibil
387 1026 430 1070 est
443 1019 515 1070 enim
529 1017 676 1069 amabilius
687 1015 805 1064 virtute:
822 1012 861 1061 ni·

50 1083 179 1153 hil,quod
191 1088 280 1153 magis
293 1089 400 1139 alliciat
411 1090 446 1138 ad
458 1086 643 1155 diligendum:
656 1085 757 1153 quippe
768 1096 861 1150 quum,

49 1161 168 1223 propter
179 1157 309 1209 virtutem
322 1164 349 1210 et
360 1159 535 1226 probitatem,
546 1172 593 1207 eos
600 1157 694 1218 etiam,
704 1162 774 1222 quos
784 1168 863 1202 num·

51 1241 134 1293 quam
153 1225 286 1290 vidimus,
305 1228 424 1293 quodam
441 1228 524 1278 modo
536 1226 693 1293 diligamus.
729 1224 797 1285 Quis
810 1229 861 1284 est,

51 1296 101 1363 qui
115 1296 144 1345 C.
155 1295 289 1360 Fabricii,
310 1299 352 1348 Μ’
365 1299 441 1349 Curii
459 1313 514 1348 non
527 1312 587 1347 cum
599 1295 717 1347 caritate
727 1293 822 1358 aliqua
832 1299 861 1344 et

50 1364 250 1416 benevolentia
260 1368 422 1419 memoriam
432 1373 561 1433 usurpet,
581 1380 650 1433 quos
661 1378 811 1430 numquam
821 1363 863 1413 ri·⁴

53 1433 144 1485 deriti
165 1434 233 1496 Quis
249 1444 339 1488 autem
357 1445 412 1500 est,
436 1438 482 1505 qui
495 1435 679 1503 Tarquinium
698 1433 862 1500 Superbum,
942 1457 952 1465 -

53 1505 103 1572 qui
113 1503 160 1572 Sp.
172 1502 307 1570 Cassium,
318 1507 363 1578 Sp.
375 1507 510 1560 Maelium
522 1523 577 1558 non
589 1505 697 1557 oderit?
714 1505 783 1555 Cum
795 1501 862 1554 duo·

51 1575 105 1626 bus
117 1575 234 1627 ducibus
246 1579 279 1629 de
291 1581 407 1645 imperio
418 1581 448 1630 in
458 1579 543 1630 Italia
554 1578 735 1636 decertatum,
753 1570 861 1640 Pyrrho

53 1651 83 1698 et
97 1645 265 1698 Hannibale.
302 1650 341 1715 Ab
356 1650 459 1709 altero,
480 1655 594 1716 propter
608 1647 775 1714 probitatem
793 1643 862 1702 eius,
930 1677 934 1686 .

52 1730 111 1768 non
121 1715 203 1767 nimis
215 1717 320 1769 alienos
332 1721 439 1769 ammos
450 1717 598 1780 babemus3
618 1717 737 1767 alterum
747 1718 863 1779 propter

52 1785 250 1838 crudelitatem
262 1787 659 1856 seniperbaecciritasoderit.
678 1785 774 1835 1Χ.29.
781 1778 864 1842 Quod

52 1855 80 1908 si
92 1861 173 1907 tante
187 1857 229 1908 ris
247 1860 397 1924 probitatis
414 1864 470 1921 est,
491 1865 523 1908 ut
539 1873 599 1909 eam
614 1856 659 1907 rel
669 1856 699 1905 in
716 1853 771 1915 eis,
793 1866 862 1919 quos

52 1941 204 1993 numquam
226 1928 360 1990 vidimus,
381 1927 441 1990 rel,
461 1927 537 1995 qnod
558 1926 648 1978 maius
665 1931 719 1986 cst,
739 1924 769 1973 in
782 1919 863 1973 hoste

53 1995 141 2048 etiam
153 1995 312 2063 diligamus:
326 1996 391 2064 quid
402 1998 512 2060 mirum,
524 1996 549 2047 si
560 1996 645 2048 animi
655 1993 797 2046 hominum
806 1999 879 2042 mov

53 2071 183 2128 veantur,
196 2082 278 2134 quum
292 2083 395 2130 eorum,
414 2068 576 2134 quibuscum
587 2082 639 2117 usu
649 2063 790 2116 coniuncti
803 2076 864 2112 esse

52 2142 188 2202 possunt,
208 2138 341 2189 virtutem
362 2143 391 2188 et
407 2137 562 2189 bonitatem
577 2136 737 2203 perspicere
752 2131 865 2184 videan-

53 2205 119 2257 turi
134 2205 309 2273 Quamquam
321 2205 502 2259 confirmatur
512 2222 592 2258 amor
603 2212 631 2257 et
641 2204 777 2257 beneficIo
788 2215 865 2253 acce·

51 2280 118 2341 pto,
141 2281 171 2326 et
180 2275 274 2328 studio
286 2283 432 2349 perspecto
438 2314 446 2340 ,
464 2283 493 2329 et
508 2274 709 2328 consuetudine
719 2273 863 2324 adiuncta:

53 2346 157 2413 quibus
170 2346 254 2397 rebus
266 2346 302 2397 ad
313 2346 393 2398 illum
403 2347 521 2413 primum
534 2351 641 2397 motum
651 2344 739 2395 enimi
748 2348 779 2392 et
789 2353 865 2391 amo·

52 2415 94 2466 ris
112 2414 260 2479 adhibitis,
279 2417 453 2469 admirabilis
468 2416 605 2484 quaedam
617 2412 865 2465 exaudeseitbene-

52 2484 197 2537 volentiae
212 2487 389 2554 magnitudo:
408 2501 491 2554 quam
509 2486 536 2537 si
551 2485 599 2553 qui
613 2488 714 2550 putant
730 2483 766 2532 ab
780 2478 866 2530 imbe-

53 2554 179 2612 cillitate
192 2556 340 2623 proficisci,
352 2563 384 2609 ut
394 2557 441 2618 sit,
455 2569 506 2623 per
516 2570 597 2623 quem
609 2553 725 2621 quisque
737 2562 867 2614 assequa-

54 2628 116 2686 tur,
137 2627 211 2691 quod
233 2626 386 2693 desiderem
408 2625 542 2679 humilem
558 2640 625 2676 sane
640 2622 816 2688 relinquunt,
838 2621 867 2668 et
889 2689 891 2692 ι

53 2691 171 2747 minime
185 2712 366 2765 generosum,
386 2702 420 2750 ut
433 2695 476 2748 ite
487 2691 591 2757 dicam
612 2699 705 2745 ortum
714 2688 867 2751 amicitiae,
