2084 3025
176 103 211 157 12
289 111 294 152 .·
353 68 410 155 on
428 64 599 176 narona
615 72 797 158 necnon

144 201 159 262 f
175 207 240 257 dnm
252 205 287 257 ab
296 204 411 257 'infinito
421 211 548 272 tempore
558 207 720 273 aeternitas,
730 205 903 273 quam-nulla
911 213 978 259 tem·

173 290 274 343 porum
281 274 502 340 circumscriptio
510 276 788 342 metiebatur,spntio
798 283 901 340 temen,
912 291 980 343 qua·

174 343 212 396 lis
224 343 364 405 caluerit,
384 344 505 409 intelligi
514 360 569 412 non
580 352 686 411 potent:
706 347 781 413 quod
790 363 825 398 ne
834 347 865 397 in
875 346 980 414 cogita·

174 415 281 466 tionem
293 413 404 479 quidem
415 412 501 475 eadit,
519 420 551 465 ut
559 413 644 466 fuerit
655 423 766 482 tempus
776 415 899 483 aliquod,
920 416 984 467 nul·

174 484 233 536 lum
244 497 327 550 quum
337 490 447 549 tempus
457 488 541 535 emet.
558 486 602 536 22.
612 485 669 536 leto
679 486 767 553 igitur
776 492 835 537 tam
845 485 981 537 immenso

174 552 267 619 spatio
282 567 394 619 quaero,
404 551 506 614 palm,
524 567 573 604 cur
582 554 709 607 Pronoea
717 561 812 606 vestra
821 554 982 612 cessaverit.

26 607 29 619 ¹
93 622 96 627 ’
176 622 351 676 Laboremne
360 621 504 689 fugiebat?
528 624 564 674 At
572 624 626 675 iste
636 640 688 675 uec
698 625 813 692 attingit
822 624 922 687 Deum,
931 638 984 675 nec

128 717 129 720 =
176 698 240 746 erat
249 690 337 753 ullus,
357 706 440 758 quum
452 707 548 748 omnen
557 699 673 745 naturae
683 695 787 747 numini
798 693 902 757 divino,
923 708 985 744 cae·
1027 744 1030 756 ,

174 759 242 824 lum,
252 760 345 827 ignes,
351 766 454 823 terrae,
463 762 553 814 niaria
563 769 703 830 parerent.
720 764 795 825 Quid
807 769 900 814 autem
912 767 985 825 ereb

176 829 470 900 puod‘concupiscer‘et
480 831 571 894 Deus,
589 833 721 884 mundum
736 833 822 901 signis
833 838 862 885 et
872 830 986 883 lumini·

175 902 237 962 bus,
251 905 393 967 tamquam
404 899 520 964 Aedilis,
528 902 649 954 ornaret
666 902 713 965 Si3
727 908 759 952 ut
769 904 846 954 Deus
856 902 917 966 ipse
927 916 985 952 me·

53 969 56 979 ’
156 999 163 1010 -
175 970 231 1023 lius
241 967 400 1023 babitaretl
411 975 496 1024 antea
504 970 636 1021 videlicet
644 978 771 1036 tempore
781 969 892 1021 infinito
902 969 933 1021 in
944 976 986 1021 te·

177 1039 280 1101 nebris,
291 1045 433 1112 tamquam
444 1040 475 1089 in
488 1040 643 1108 gurgustio,
653 1038 838 1096 habitaverat.
855 1038 925 1090 Post
937 1054 986 1091 au·

177 1113 234 1161 ten
243 1109 416 1180 varietatene
426 1123 490 1160 eum
503 1108 638 1163 delectari
648 1115 791 1175 putamus,
811 1124 866 1175 qua
877 1109 987 1159 caelum

177 1183 307 1231 attentas
316 1182 468 1231 exornatas
477 1176 621 1230 videmuul
657 1177 736 1238 Quae
750 1179 807 1230 ista
818 1183 988 1244 potestesse

178 1248 333 1314 oblectatio
343 1244 423 1298 Deci
445 1246 522 1307 Quae
532 1246 558 1297 si
568 1252 651 1307 esset,
661 1262 717 1298 non
727 1264 762 1300 ea
770 1247 878 1299 tamdiu
888 1260 988 1301 carere

178 1317 325 1385 potuisset
336 1313 510 1378 23.Anhaec,
520 1321 552 1366 ut
562 1314 622 1367 fere
629 1316 879 1379 dicitis,hominum
886 1313 989 1369 caussa

178 1389 267 1439 aDeo
279 1384 525 1438 constituta'sunti
552 1382 767 1451 Sapientunmei
787 1394 903 1453 propter
918 1400 988 1452 pau·

178 1470 227 1510 cos
237 1456 325 1524 igitur
334 1460 413 1508 tanta
426 1459 468 1506 est
483 1453 562 1505 facta
576 1469 669 1508 rerum
679 1456 799 1507 molitio.
834 1458 876 1509 An
886 1456 989 1506 stulto-

178 1526 257 1579 ruml
270 1531 301 1578 at
311 1525 430 1591 primuni
437 1539 541 1579 ,caussa
550 1539 606 1578 non
617 1525 680 1589 fuit,
691 1541 741 1579 cur
751 1525 785 1577 de
795 1525 930 1590 improbis
940 1526 988 1576 be·

179 1612 214 1662 ne
234 1599 398 1648 mereretur.
442 1594 553 1648 Deinde
571 1595 638 1661 quid
658 1603 702 1650 cet
721 1601 878 1657 assecutus,
900 1607 986 1663 quum

180 1681 276 1718 (annes
287 1665 366 1717 stulti
377 1665 433 1716 nint
443 1666 502 1717 aine
512 1664 598 1716 dubio
608 1666 771 1729 miserrimi3
780 1666 904 1715 maxime
911 1661 987 1731 quod

93 1752 98 1757 ·
179 1732 261 1788 etulti
276 1741 353 1786 sunt:
373 1735 507 1798 'miserius
523 1733 597 1785 enim
618 1735 741 1785 stultitia
755 1734 821 1799 quid
840 1747 987 1798 possumus

179 1804 292 1859 diceret
312 1802 424 1865 deinde,
442 1802 517 1870 quod
531 1803 575 1854 ita
587 1803 678 1857 multa
691 1809 756 1852 sunt
771 1801 947 1852 incommoda
957 1801 988 1856 in

178 1877 247 1938 rita,
256 1879 289 1926 ut
298 1888 332 1925 ea
341 1872 481 1940 sapientes
492 1870 701 1924 commodorum
712 1871 938 1937 compensatione
948 1870 989 1923 le·

177 1946 267 2006 uiant,
286 1941 368 2005 ‚stulti
381 1957 433 1993 nec
445 1941 537 1993 vitare
548 1937 694 1993 venientia
706 1941 829 2007 possint,
850 1956 901 1993 nec
910 1938 988 1993 terre

178 2014 347 2084 praesentia.
374 2010 409 2063 X.
427 2011 484 2072 Qui
493 2024 560 2062 vero
572 2010 703 2061 mundum
714 2012 805 2077 ipsum
817 2011 987 2063 animantem

178 2083 388 2150 sapientemque
403 2096 464 2133 eece
479 2079 623 2143 dixerunt,
645 2080 818 2132 nullomodo
833 2075 987 2148 vide[runt]

179 2151 266 2205 nuni
280 2151 448 2203 nanuum*
465 2149 666 2215 intelligentes,
679 2151 709 2200 in
719 2165 802 2216 quam
813 2150 931 2216 ligurem
943 2165 988 2202 ca·

179 2222 246 2275 dere
256 2226 364 2289 posset:
381 2219 416 2271 de
426 2232 480 2288 quo
493 2219 584 2270 dicam
595 2220 725 2286 equidem
735 2220 830 2286 paullo
841 2225 915 2286 poet.
941 2219 987 2271 24,

179 2292 260 2346 Nunc
275 2287 518 2343 autemh‘actenus
532 2288 691 2340 admirabor
702 2304 798 2340 eorum
813 2288 987 2351 tarditatem,

179 2362 225 2430 qui
236 2359 414 2421 animantem,
423 2357 623 2421 immortalem,
635 2364 663 2410 et
673 2359 801 2411 eumdem
812 2360 932 2420 beatum,
942 2372 988 2409 ro·

178 2430 293 2487 tandum
307 2444 367 2481 esso
382 2429 483 2490 velint,
502 2427 576 2494 quod
587 2443 621 2479 ea
631 2428 722 2479 forma
732 2429 820 2479 ullam
831 2434 914 2495 neget
926 2438 989 2478 eone

178 2498 365 2568 pulchriorem
381 2497 472 2550 Plato.
507 2498 544 2549 At
559 2496 628 2548 mibi
644 2498 690 2550 vel
706 2497 844 2565 cylindri,
861 2497 906 2550 vel
922 2510 988 2563 qua·

179 2569 261 2633 draci,
272 2568 318 2622 vel
330 2569 400 2630 coni,
411 2568 457 2620 vol
468 2567 624 2635 pyramidis
632 2567 745 2620 videtur
755 2581 817 2618 esse
827 2566 989 2618 formosion

179 2638 259 2707 Quae
273 2652 340 2694 vero
354 2638 485 2692 tribuitur
498 2637 560 2691 vita
573 2637 623 2691 inti
632 2637 754 2690 rotundo
764 2635 845 2690 Dect
881 2635 988 2704 Nempe
