2084 3025
186 165 222 222 66
496 160 679 218 LAELlUS

187 268 386 332 adulationem,
407 268 584 333 blanditiam,
598 269 823 335 assentationem.
861 267 991 334 Quamvis

188 341 261 394 enim
270 340 367 390 nutritis
377 340 535 392 nominibus
546 348 590 392 est
599 340 653 392 hoc
663 341 764 391 vitium
779 338 940 399 notandum,
956 338 995 389 le·

186 412 263 462 vium
275 408 422 471 homiuum
439 417 523 476 atque
540 409 698 473 fallacium,
720 410 755 461 ad
770 409 945 459 voluntatem
955 407 995 459 lo·

188 481 439 548 quentiumomnia,
450 479 518 530 nihil
530 482 565 532 ad
575 482 733 534 veritatem.
751 480 996 540 92.Quumoutem
1039 488 1041 497 ⁴

188 552 312 602 omnium
324 565 416 601 rerum
427 550 570 602 simulatio
582 559 625 604 cst
636 552 749 612 vitiosa,
769 550 860 612 (tollit
871 549 945 600 enim
954 547 997 597 iu·

189 621 292 672 dicium
308 622 381 683 veri,
401 621 484 688 idque
501 622 663 687 adulterat)
679 628 740 671 tum
759 619 901 670 amicitiae
916 631 997 682 repu-

187 696 255 759 gnat
266 690 395 742 maxime.
413 690 498 742 Dclet
507 693 579 743 cuim
590 693 747 751 veritatem,
758 691 818 740 sine
830 704 885 755 qua
893 702 996 738 nomen

188 760 332 813 amicitiae
348 760 442 812 valere
457 777 513 812 non
529 768 631 826 potest.
669 760 741 810 Nam
758 775 841 826 quum
853 757 998 809 amicitiae

139 835 142 839 ’
187 831 231 882 ris
243 831 280 881 sit
290 831 319 885 in
331 844 379 891 eo,
398 837 431 880 ut
442 846 512 880 unus
527 830 606 899 quasi
619 831 727 880 animus
739 830 834 879 tiator
851 827 995 893 pluribus:

188 902 237 968 ¹qui
248 899 277 950 id
288 899 351 949 lieri
361 900 474 965 poterit,
495 900 519 949 si
531 915 565 951 ne
576 901 605 950 in
616 915 671 950 uno
682 899 792 966 quidem
805 913 916 964 quoquc
926 912 997 946 unus

189 970 297 1021 animus
309 969 363 1020 erit
373 969 501 1036 idemque
512 985 631 1035 scalper,
652 970 702 1021 sed
712 970 822 1030 rarius,
843 972 999 1032 crummuta·

132 1064 136 1065 ⁷
188 1039 262 1100 bilis,
272 1037 438 1103 multiplexi
456 1038 498 1090 93.
507 1039 581 1099 Quid
592 1041 663 1090 enim
675 1044 771 1105 potest
781 1053 843 1089 esse
852 1043 911 1087 tam
922 1035 1001 1087 flexi-

188 1109 255 1169 bile,
273 1114 331 1158 tam
343 1107 461 1172 devium,
477 1124 559 1175 quam
571 1111 678 1160 anicius
690 1111 758 1170 cius,
773 1109 822 1174 qui
832 1106 868 1157 ad
880 1107 1001 1158 alterius

176 1180 246 1228 'non
262 1177 344 1227 modo
358 1193 468 1228 sensum
480 1195 513 1229 ac
529 1179 715 1243 voluntatem,
735 1177 881 1231 sedetiam
890 1177 1001 1227 vultum

159 1282 163 1285 a
191 1255 277 1315 atque
286 1253 383 1298 nutum
396 1250 589 1309 conuertitur?
1040 1266 1041 1315 4

226 1318 318 1388 Negat
338 1317 419 1386 quis?
436 1336 521 1388 nege:
542 1319 602 1372 ait?
624 1318 684 1372 fiio:
703 1328 842 1387 postremo
864 1316 1002 1386 imperavi
1040 1322 1041 1331 ’

339 1400 345 1419 t
608 1389 802 1460 egorne‘tmili‚
882 1384 884 1389 ’

225 1455 330 1511 'Omnia
340 1457 477 1512 assentiri
481 1479 491 1511 .·

190 1534 224 1580 ut
235 1531 275 1581 ait
286 1530 362 1581 idem
373 1531 537 1582 Terentius:
557 1530 606 1583 scd
617 1532 665 1583 ille
677 1531 726 1582 sub
734 1528 896 1582 ‘Gnathonis
906 1535 1003 1596 perso·
1040 1525 1041 1528 ’

155 1663 162 1670 ἢ
190 1615 239 1651 na:
261 1601 335 1667 quod
351 1600 455 1667 [amici]
471 1616 560 1668 genus
578 1602 725 1666 adhibere,
748 1599 1003 1651 omninolcritatis

190 1669 243 1722 est.
270 1670 312 1721 94.
325 1670 410 1722 Multi
422 1677 516 1723 autem
529 1672 706 1725 Gnathonum
719 1670 827 1721 similes
838 1685 925 1737 quum
936 1669 1004 1730 siut,
1040 1681 1041 1692 ¹

155 1783 162 1790 s
189 1739 263 1800 luco,
275 1738 396 1802 fortuna,
407 1739 483 1792 fama
493 1743 663 1807 superiores:
680 1740 779 1792 hurum
791 1747 833 1792 est
843 1739 1004 1792 assentatio
1040 1745 1041 1754 ¹

189 1809 319 1872 molesta,
330 1825 413 1875 quum
425 1812 461 1861 ad
472 1813 624 1863 vanitatem
636 1812 755 1863 accessit
766 1811 931 1862 auctoritas.
956 1808 1004 1860 95.

189 1878 304 1930 Secerni
321 1885 414 1933 autem
430 1882 550 1932 blandus
565 1883 672 1934 amicus
688 1897 706 1933 a
720 1896 787 1933 vero
804 1886 834 1932 et
848 1879 1005 1931 internosci
1040 1883 1041 1888 ’

190 1954 248 2000 tam
259 1955 366 2016 potest,
386 1949 513 2003 adhibita
524 1952 683 2019 diligentia,
695 2001 698 2008 ,
722 1967 786 2002 uam
797 1951 892 2001 onmia
905 1948 1005 2000 fucata

192 2024 220 2071 et
231 2018 364 2069 simulata
374 2036 391 2070 a
401 2021 518 2073 sinceris
529 2028 613 2088 atque
624 1967 722 2143 ruff
743 2022 861 2082 Concio,
883 2034 954 2086 quae
968 2034 1005 2070 ex

191 2088 536 2154 imperitissimisconstat,
550 2098 644 2143 tamen
656 2092 667 2141 i
718 2107 782 2142 carc
793 2092 876 2152 solet,
887 2088 955 2156 quid
962 2089 1003 2138 in·

190 2158 275 2210 tersit
284 2158 358 2209 inter
367 2161 540 2225 popularem,
551 2162 582 2211 id
592 2168 643 2223 est,
654 2167 862 2212 assentatorem
874 2159 1003 2210 etlerem

192 2228 290 2290 ciuem,
313 2233 343 2279 et
362 2228 437 2281 inter
457 2238 641 2293 constantem,
661 2235 803 2291 severum,
827 2236 856 2282 ct
875 2243 1003 2296 gravem.

190 2298 299 2361 Quibus
312 2298 458 2352 blanditiis
470 2302 499 2351 G.
512 2300 641 2366 Papirius
655 2316 742 2366 nuper
757 2298 894 2352 influebat
913 2299 942 2349 in
954 2314 1003 2349 au·

190 2383 236 2419 res
249 2368 403 2429 concionis,
423 2384 506 2435 quum
517 2368 606 2422 ferret
616 2369 706 2437 legem
717 2370 752 2421 ‹le
762 2369 896 2422 Tribunis
908 2367 1004 2434 plebis
1040 2369 1041 2396 ³

40 2494 45 2503 ¹
135 2489 137 2492 ,
190 2437 360 2489 reficiendis!
379 2435 572 2490 Dissuasimus
590 2454 650 2492 nos.
686 2440 729 2491 96.
745 2438 1002 2491 Seduihildcme:
1040 2431 1041 2498 i

190 2506 224 2557 de
235 2505 366 2572 Scipione
378 2506 468 2557 dicum
479 2508 621 2562 libentius.
641 2510 752 2570 Quanta
762 2509 823 2572 illa,
834 2508 1004 2560 Diiimmur·
1040 2533 1041 2576 p

188 2573 274 2626 ''talesl
286 2575 341 2627 luit
350 2577 489 2643 gravitas!
512 2586 617 2644 quanta
627 2580 656 2629 in
666 2581 793 2631 cremone
803 2576 952 2629 maiestas!
970 2581 1004 2627 ut
1040 2601 1041 2604 ¹

190 2641 274 2695 facile
285 2646 383 2696 ducem
394 2646 492 2710 populi
503 2648 632 2712 Romani,
649 2650 715 2716 [non
726 2645 868 2715 comitem]
879 2646 1002 2700 diceres.

191 2710 245 2762 Sed
255 2713 400 2780 adfuistis3
421 2721 449 2765 et
460 2722 502 2768 cst
517 2718 547 2768 in
562 2720 688 2771 manibus
705 2720 807 2772 oratic.
842 2718 942 2786 ltaque
952 2715 1003 2769 lex
