<?xml version="1.0" encoding="UTF-8"?>
<!DOCTYPE html PUBLIC "-//W3C//DTD XHTML 1.0 Transitional//EN"
    "http://www.w3.org/TR/xhtml1/DTD/xhtml1-transitional.dtd">
<html xmlns="http://www.w3.org/1999/xhtml" xml:lang="en" lang="en">
 <head>
  <title>
</title>
<meta http-equiv="Content-Type" content="text/html;charset=utf-8" />
  <meta name='ocr-system' content='tesseract 3.04.00' />
  <meta name='ocr-capabilities' content='ocr_page ocr_carea ocr_par ocr_line ocrx_word'/>
</head>
<body>
  <div class='ocr_page' id='page_1' title='image "./opera00nobbgoog/opera00nobbgoog_0249.png"; bbox 0 0 2084 3025; ppageno 0'>
   <div class='ocr_carea' id='block_1_1' title="bbox 169 62 848 167">
    <p class='ocr_par' dir='ltr' id='par_1_1' title="bbox 169 62 848 167">
     <span class='ocr_line' id='line_1_1' title="bbox 169 62 848 167; baseline 0.007 -5"><span class='ocrx_word' id='word_1_1' title='bbox 169 62 179 73; x_wconf 64' lang='grc'><em>’</em></span> <span class='ocrx_word' id='word_1_2' title='bbox 243 74 396 163; x_wconf 60' lang='grc' dir='ltr'><strong>,ΠΜ</strong></span> <span class='ocrx_word' id='word_1_3' title='bbox 433 106 517 164; x_wconf 72' lang='lat' dir='ltr'><strong>can.</strong></span> <span class='ocrx_word' id='word_1_4' title='bbox 537 108 638 166; x_wconf 67' lang='lat'><strong>1415.</strong></span> <span class='ocrx_word' id='word_1_5' title='bbox 797 110 848 167; x_wconf 77' lang='lat' dir='ltr'><strong>sm</strong></span> 
     </span>
    </p>
   </div>
   <div class='ocr_carea' id='block_1_2' title="bbox 3 196 851 353">
    <p class='ocr_par' dir='ltr' id='par_1_2' title="bbox 3 196 851 353">
     <span class='ocr_line' id='line_1_2' title="bbox 3 196 851 284; baseline 0 -17"><span class='ocrx_word' id='word_1_6' title='bbox 3 196 5 203; x_wconf 45' lang='grc'>’</span> <span class='ocrx_word' id='word_1_7' title='bbox 49 214 125 267; x_wconf 81' lang='lat' dir='ltr'><strong>nulia</strong></span> <span class='ocrx_word' id='word_1_8' title='bbox 135 220 180 269; x_wconf 87' lang='lat' dir='ltr'><strong>est</strong></span> <span class='ocrx_word' id='word_1_9' title='bbox 188 215 361 282; x_wconf 84' lang='lat' dir='ltr'><strong>reipublicae</strong></span> <span class='ocrx_word' id='word_1_10' title='bbox 369 215 509 283; x_wconf 77' lang='lat' dir='ltr'><strong>gerendae</strong></span> <span class='ocrx_word' id='word_1_11' title='bbox 517 217 592 268; x_wconf 84' lang='lat' dir='ltr'><strong>ratio</strong></span> <span class='ocrx_word' id='word_1_12' title='bbox 603 222 685 284; x_wconf 87' lang='lat' dir='ltr'><strong>atque</strong></span> <span class='ocrx_word' id='word_1_13' title='bbox 696 216 851 282; x_wconf 82' lang='lat' dir='ltr'><strong>prudentia,</strong></span> 
     </span>
     <span class='ocr_line' id='line_1_3' title="bbox 48 284 851 353; baseline 0.005 -20"><span class='ocrx_word' id='word_1_14' title='bbox 48 284 111 350; x_wconf 87' lang='lat' dir='ltr'><strong>qnia</strong></span> <span class='ocrx_word' id='word_1_15' title='bbox 131 285 223 335; x_wconf 82' lang='lat' dir='ltr'><strong>muita</strong></span> <span class='ocrx_word' id='word_1_16' title='bbox 242 286 291 335; x_wconf 84' lang='lat' dir='ltr'><strong>Cn.</strong></span> <span class='ocrx_word' id='word_1_17' title='bbox 306 284 482 351; x_wconf 88' lang='lat' dir='ltr'><strong>Pompeium,</strong></span> <span class='ocrx_word' id='word_1_18' title='bbox 504 287 639 353; x_wconf 80' lang='lat' dir='ltr'><strong>quaedam</strong></span> <span class='ocrx_word' id='word_1_19' title='bbox 653 286 692 337; x_wconf 88' lang='grc' dir='ltr'><strong>Μ.</strong></span> <span class='ocrx_word' id='word_1_20' title='bbox 709 288 851 350; x_wconf 81' lang='lat' dir='ltr'><strong>Catonem,</strong></span> 
     </span>
    </p>
   </div>
   <div class='ocr_carea' id='block_1_3' title="bbox 46 353 944 421">
    <p class='ocr_par' dir='ltr' id='par_1_3' title="bbox 46 353 944 421">
     <span class='ocr_line' id='line_1_4' title="bbox 46 353 944 421; baseline 0.004 -19"><span class='ocrx_word' id='word_1_21' title='bbox 46 353 182 404; x_wconf 86' lang='lat' dir='ltr'><strong>nonnulla</strong></span> <span class='ocrx_word' id='word_1_22' title='bbox 194 355 279 404; x_wconf 86' lang='lat' dir='ltr'><strong>etiam</strong></span> <span class='ocrx_word' id='word_1_23' title='bbox 293 360 322 405; x_wconf 89' lang='lat' dir='ltr'><strong>te</strong></span> <span class='ocrx_word' id='word_1_24' title='bbox 332 355 424 421; x_wconf 85' lang='lat' dir='ltr'><strong>ipsum</strong></span> <span class='ocrx_word' id='word_1_25' title='bbox 436 355 614 408; x_wconf 65' lang='lat' dir='ltr'><strong>fefellerunt?</strong></span> <span class='ocrx_word' id='word_1_26' title='bbox 634 355 742 407; x_wconf 81' lang='lat' dir='ltr'><strong>Similis</strong></span> <span class='ocrx_word' id='word_1_27' title='bbox 753 364 796 407; x_wconf 83' lang='lat' dir='ltr'><strong>est</strong></span> <span class='ocrx_word' id='word_1_28' title='bbox 808 354 854 406; x_wconf 84' lang='lat' dir='ltr'><strong>ha·</strong></span> <span class='ocrx_word' id='word_1_29' title='bbox 941 356 944 365; x_wconf 88' lang='grc'><em>“</em></span> 
     </span>
    </p>
   </div>
   <div class='ocr_carea' id='block_1_4' title="bbox 3 423 907 2773">
    <p class='ocr_par' dir='ltr' id='par_1_4' title="bbox 3 423 907 2773">
     <span class='ocr_line' id='line_1_5' title="bbox 48 423 853 492; baseline 0.007 -20"><span class='ocrx_word' id='word_1_30' title='bbox 48 423 191 489; x_wconf 73' lang='lat' dir='ltr'><strong>auspicum</strong></span> <span class='ocrx_word' id='word_1_31' title='bbox 205 424 363 489; x_wconf 71' lang='lat' dir='ltr'>responsio,</span> <span class='ocrx_word' id='word_1_32' title='bbox 383 425 532 492; x_wconf 85' lang='lat' dir='ltr'><strong>omnisque</strong></span> <span class='ocrx_word' id='word_1_33' title='bbox 543 426 690 492; x_wconf 87' lang='lat' dir='ltr'><strong>opinabilis</strong></span> <span class='ocrx_word' id='word_1_34' title='bbox 708 425 853 478; x_wconf 80' lang='lat' dir='ltr'><strong>divinatio.</strong></span> 
     </span>
     <span class='ocr_line' id='line_1_6' title="bbox 48 492 855 561; baseline 0.004 -19"><span class='ocrx_word' id='word_1_35' title='bbox 48 492 219 543; x_wconf 81' lang='lat' dir='ltr'><strong>Coniectura</strong></span> <span class='ocrx_word' id='word_1_36' title='bbox 239 493 312 543; x_wconf 85' lang='lat' dir='ltr'><strong>enim</strong></span> <span class='ocrx_word' id='word_1_37' title='bbox 331 495 443 556; x_wconf 87' lang='lat' dir='ltr'><strong>nititur,</strong></span> <span class='ocrx_word' id='word_1_38' title='bbox 463 494 635 561; x_wconf 84' lang='lat' dir='ltr'><strong>ultraquam</strong></span> <span class='ocrx_word' id='word_1_39' title='bbox 653 495 855 561; x_wconf 78' lang='lat' dir='ltr'><strong>progredinon</strong></span> 
     </span>
     <span class='ocr_line' id='line_1_7' title="bbox 47 560 856 631; baseline 0.002 -19"><span class='ocrx_word' id='word_1_40' title='bbox 47 567 152 627; x_wconf 83' lang='lat' dir='ltr'><strong>potest.</strong></span> <span class='ocrx_word' id='word_1_41' title='bbox 189 560 233 613; x_wconf 78' lang='lat'><strong>25.</strong></span> <span class='ocrx_word' id='word_1_42' title='bbox 251 560 737 631; x_wconf 69' lang='lat' dir='ltr'><strong>Eafallitiortasscnonnumquams</strong></span> <span class='ocrx_word' id='word_1_43' title='bbox 751 563 801 616; x_wconf 86' lang='lat' dir='ltr'><strong>sed</strong></span> <span class='ocrx_word' id='word_1_44' title='bbox 813 568 856 614; x_wconf 86' lang='lat' dir='ltr'><strong>ta·</strong></span> 
     </span>
     <span class='ocr_line' id='line_1_8' title="bbox 48 630 855 700; baseline 0.004 -19"><span class='ocrx_word' id='word_1_45' title='bbox 48 646 111 681; x_wconf 80' lang='lat' dir='ltr'><strong>mea</strong></span> <span class='ocrx_word' id='word_1_46' title='bbox 126 630 165 681; x_wconf 84' lang='lat' dir='ltr'><strong>ad</strong></span> <span class='ocrx_word' id='word_1_47' title='bbox 179 631 329 682; x_wconf 79' lang='lat' dir='ltr'><strong>veritatem</strong></span> <span class='ocrx_word' id='word_1_48' title='bbox 343 633 506 697; x_wconf 83' lang='lat' dir='ltr'><strong>saepissime</strong></span> <span class='ocrx_word' id='word_1_49' title='bbox 523 632 629 700; x_wconf 75' lang='lat' dir='ltr'><strong>dirigit.</strong></span> <span class='ocrx_word' id='word_1_50' title='bbox 665 634 717 684; x_wconf 85' lang='lat' dir='ltr'><strong>Est</strong></span> <span class='ocrx_word' id='word_1_51' title='bbox 732 634 805 685; x_wconf 85' lang='lat' dir='ltr'><strong>euim</strong></span> <span class='ocrx_word' id='word_1_52' title='bbox 819 633 855 684; x_wconf 89' lang='lat' dir='ltr'><strong>ab</strong></span> 
     </span>
     <span class='ocr_line' id='line_1_9' title="bbox 49 700 856 769; baseline 0.001 -19"><span class='ocrx_word' id='word_1_53' title='bbox 49 700 125 762; x_wconf 84' lang='lat' dir='ltr'><strong>omni</strong></span> <span class='ocrx_word' id='word_1_54' title='bbox 137 701 308 753; x_wconf 75' lang='lat' dir='ltr'>aeternitate</span> <span class='ocrx_word' id='word_1_55' title='bbox 318 700 453 766; x_wconf 82' lang='lat' dir='ltr'><strong>repetita:</strong></span> <span class='ocrx_word' id='word_1_56' title='bbox 475 703 505 752; x_wconf 89' lang='lat' dir='ltr'><strong>in</strong></span> <span class='ocrx_word' id='word_1_57' title='bbox 521 717 576 769; x_wconf 87' lang='lat' dir='ltr'><strong>qua</strong></span> <span class='ocrx_word' id='word_1_58' title='bbox 586 717 669 769; x_wconf 89' lang='lat' dir='ltr'><strong>quum</strong></span> <span class='ocrx_word' id='word_1_59' title='bbox 681 717 768 767; x_wconf 88' lang='lat' dir='ltr'><strong>paene</strong></span> <span class='ocrx_word' id='word_1_60' title='bbox 777 704 856 755; x_wconf 89' lang='lat' dir='ltr'><strong>innu-</strong></span> 
     </span>
     <span class='ocr_line' id='line_1_10' title="bbox 48 770 857 837; baseline 0.002 -17"><span class='ocrx_word' id='word_1_61' title='bbox 48 770 280 821; x_wconf 80' lang='lat' dir='ltr'><strong>merabilitcrres</strong></span> <span class='ocrx_word' id='word_1_62' title='bbox 291 771 391 823; x_wconf 88' lang='lat' dir='ltr'><strong>codem</strong></span> <span class='ocrx_word' id='word_1_63' title='bbox 401 771 484 823; x_wconf 86' lang='lat' dir='ltr'><strong>modo</strong></span> <span class='ocrx_word' id='word_1_64' title='bbox 496 772 648 832; x_wconf 79' lang='lat' dir='ltr'><strong>evenirent,</strong></span> <span class='ocrx_word' id='word_1_65' title='bbox 659 771 758 822; x_wconf 82' lang='lat' dir='ltr'><strong>iisdem</strong></span> <span class='ocrx_word' id='word_1_66' title='bbox 769 772 857 837; x_wconf 77' lang='lat' dir='ltr'><strong>signis</strong></span> 
     </span>
     <span class='ocr_line' id='line_1_11' title="bbox 47 839 858 906; baseline 0.001 -16"><span class='ocrx_word' id='word_1_67' title='bbox 47 840 230 906; x_wconf 77' lang='lat' dir='ltr'><strong>antegressis,</strong></span> <span class='ocrx_word' id='word_1_68' title='bbox 242 855 288 897; x_wconf 79' lang='lat' dir='ltr'><strong>ars</strong></span> <span class='ocrx_word' id='word_1_69' title='bbox 298 847 341 891; x_wconf 88' lang='lat' dir='ltr'><strong>est</strong></span> <span class='ocrx_word' id='word_1_70' title='bbox 355 840 464 902; x_wconf 80' lang='lat' dir='ltr'><strong>effecta,</strong></span> <span class='ocrx_word' id='word_1_71' title='bbox 484 841 583 893; x_wconf 87' lang='lat' dir='ltr'><strong>eadem</strong></span> <span class='ocrx_word' id='word_1_72' title='bbox 593 855 676 906; x_wconf 86' lang='lat' dir='ltr'><strong>saepe</strong></span> <span class='ocrx_word' id='word_1_73' title='bbox 688 839 858 892; x_wconf 76' lang='lat' dir='ltr'><strong>animadver·</strong></span> 
     </span>
     <span class='ocr_line' id='line_1_12' title="bbox 47 908 858 983; baseline 0.001 -23"><span class='ocrx_word' id='word_1_74' title='bbox 47 908 134 960; x_wconf 91' lang='lat' dir='ltr'><strong>tendo</strong></span> <span class='ocrx_word' id='word_1_75' title='bbox 150 925 187 960; x_wconf 89' lang='lat' dir='ltr'><strong>ac</strong></span> <span class='ocrx_word' id='word_1_76' title='bbox 199 909 334 962; x_wconf 85' lang='lat' dir='ltr'><strong>notando.</strong></span> <span class='ocrx_word' id='word_1_77' title='bbox 370 908 432 962; x_wconf 84' lang='lat' dir='ltr'><strong>XV.</strong></span> <span class='ocrx_word' id='word_1_78' title='bbox 450 911 582 976; x_wconf 79' lang='lat' dir='ltr'><strong>Auspicia</strong></span> <span class='ocrx_word' id='word_1_79' title='bbox 594 924 665 983; x_wconf 79' lang='lat' dir='ltr'><strong>rerq</strong></span> <span class='ocrx_word' id='word_1_80' title='bbox 671 916 767 961; x_wconf 79' lang='lat' dir='ltr'><strong>restra</strong></span> <span class='ocrx_word' id='word_1_81' title='bbox 777 924 858 976; x_wconf 84' lang='lat' dir='ltr'><strong>qnam</strong></span> 
     </span>
     <span class='ocr_line' id='line_1_13' title="bbox 48 978 883 1053; baseline 0 -24"><span class='ocrx_word' id='word_1_82' title='bbox 48 978 197 1029; x_wconf 64' lang='lat' dir='ltr'><strong>comanti</strong></span> <span class='ocrx_word' id='word_1_83' title='bbox 218 994 290 1045; x_wconf 89' lang='lat' dir='ltr'><strong>quac</strong></span> <span class='ocrx_word' id='word_1_84' title='bbox 310 979 421 1047; x_wconf 86' lang='lat' dir='ltr'><strong>quidem</strong></span> <span class='ocrx_word' id='word_1_85' title='bbox 440 994 512 1031; x_wconf 87' lang='lat' dir='ltr'><strong>nunc</strong></span> <span class='ocrx_word' id='word_1_86' title='bbox 528 996 545 1030; x_wconf 89' lang='lat' dir='ltr'><strong>a</strong></span> <span class='ocrx_word' id='word_1_87' title='bbox 557 979 691 1031; x_wconf 84' lang='lat' dir='ltr'><strong>Romanis</strong></span> <span class='ocrx_word' id='word_1_88' title='bbox 707 979 858 1045; x_wconf 71' lang='lat' dir='ltr'><strong>auguribus</strong></span> <span class='ocrx_word' id='word_1_89' title='bbox 868 1038 883 1053; x_wconf 61' lang='lat'><strong>„</strong></span> 
     </span>
     <span class='ocr_line' id='line_1_14' title="bbox 47 1047 859 1113; baseline 0.004 -16"><span class='ocrx_word' id='word_1_90' title='bbox 47 1047 228 1113; x_wconf 71' lang='lat' dir='ltr'><strong>ignorantur:</strong></span> <span class='ocrx_word' id='word_1_91' title='bbox 248 1049 338 1109; x_wconf 87' lang='lat' dir='ltr'><strong>(bona</strong></span> <span class='ocrx_word' id='word_1_92' title='bbox 351 1047 405 1100; x_wconf 86' lang='lat' dir='ltr'><strong>hnc</strong></span> <span class='ocrx_word' id='word_1_93' title='bbox 420 1049 560 1100; x_wconf 82' lang='lat' dir='ltr'><strong>tuavenia</strong></span> <span class='ocrx_word' id='word_1_94' title='bbox 571 1048 717 1112; x_wconf 67' lang='lat' dir='ltr'><strong>dixerim)</strong></span> <span class='ocrx_word' id='word_1_95' title='bbox 738 1049 859 1100; x_wconf 83' lang='lat' dir='ltr'><strong>aCiiici·</strong></span> 
     </span>
     <span class='ocr_line' id='line_1_15' title="bbox 47 1115 858 1186; baseline 0.002 -19"><span class='ocrx_word' id='word_1_96' title='bbox 47 1116 108 1178; x_wconf 87' lang='lat' dir='ltr'><strong>bus,</strong></span> <span class='ocrx_word' id='word_1_97' title='bbox 118 1115 306 1184; x_wconf 79' lang='lat' dir='ltr'><strong>Pamphyliis,</strong></span> <span class='ocrx_word' id='word_1_98' title='bbox 316 1118 429 1179; x_wconf 69' lang='lat' dir='ltr'><strong>statuis,</strong></span> <span class='ocrx_word' id='word_1_99' title='bbox 442 1119 541 1186; x_wconf 85' lang='lat' dir='ltr'><strong>Lyciis</strong></span> <span class='ocrx_word' id='word_1_100' title='bbox 551 1124 690 1171; x_wconf 85' lang='lat' dir='ltr'><strong>tenentur.</strong></span> <span class='ocrx_word' id='word_1_101' title='bbox 725 1118 768 1170; x_wconf 79' lang='lat' dir='ltr'><strong>ao.</strong></span> <span class='ocrx_word' id='word_1_102' title='bbox 786 1118 858 1170; x_wconf 83' lang='lat' dir='ltr'><strong>Nam</strong></span> 
     </span>
     <span class='ocr_line' id='line_1_16' title="bbox 49 1185 859 1254; baseline 0.001 -17"><span class='ocrx_word' id='word_1_103' title='bbox 49 1187 116 1253; x_wconf 87' lang='lat' dir='ltr'><strong>quid</strong></span> <span class='ocrx_word' id='word_1_104' title='bbox 127 1202 182 1254; x_wconf 84' lang='lat' dir='ltr'><strong>ego</strong></span> <span class='ocrx_word' id='word_1_105' title='bbox 194 1185 334 1253; x_wconf 75' lang='lat' dir='ltr'><strong>hospitem</strong></span> <span class='ocrx_word' id='word_1_106' title='bbox 345 1194 480 1250; x_wconf 83' lang='lat' dir='ltr'><strong>nostrum,</strong></span> <span class='ocrx_word' id='word_1_107' title='bbox 495 1189 680 1240; x_wconf 84' lang='lat' dir='ltr'><strong>clarissimum</strong></span> <span class='ocrx_word' id='word_1_108' title='bbox 692 1195 775 1254; x_wconf 88' lang='lat' dir='ltr'><strong>atque</strong></span> <span class='ocrx_word' id='word_1_109' title='bbox 786 1188 859 1254; x_wconf 83' lang='lat' dir='ltr'><strong>opti·</strong></span> 
     </span>
     <span class='ocr_line' id='line_1_17' title="bbox 49 1257 858 1325; baseline 0 -19"><span class='ocrx_word' id='word_1_110' title='bbox 49 1271 125 1306; x_wconf 89' lang='lat' dir='ltr'><strong>mum</strong></span> <span class='ocrx_word' id='word_1_111' title='bbox 135 1257 236 1317; x_wconf 80' lang='lat' dir='ltr'><strong>virum,</strong></span> <span class='ocrx_word' id='word_1_112' title='bbox 251 1257 418 1307; x_wconf 85' lang='lat' dir='ltr'><strong>Deiotarum</strong></span> <span class='ocrx_word' id='word_1_113' title='bbox 430 1258 544 1325; x_wconf 76' lang='lat' dir='ltr'><strong>Regem,</strong></span> <span class='ocrx_word' id='word_1_114' title='bbox 562 1257 793 1309; x_wconf 72' lang='lat' dir='ltr'><strong>commemorauit</strong></span> <span class='ocrx_word' id='word_1_115' title='bbox 811 1257 858 1323; x_wconf 91' lang='lat' dir='ltr'><strong>qui</strong></span> 
     </span>
     <span class='ocr_line' id='line_1_18' title="bbox 48 1324 859 1395; baseline 0.001 -19"><span class='ocrx_word' id='word_1_116' title='bbox 48 1324 120 1376; x_wconf 87' lang='lat' dir='ltr'><strong>nihil</strong></span> <span class='ocrx_word' id='word_1_117' title='bbox 130 1341 264 1392; x_wconf 91' lang='lat' dir='ltr'><strong>umquam</strong></span> <span class='ocrx_word' id='word_1_118' title='bbox 275 1326 330 1376; x_wconf 86' lang='lat' dir='ltr'><strong>nisi</strong></span> <span class='ocrx_word' id='word_1_119' title='bbox 341 1327 486 1392; x_wconf 87' lang='lat' dir='ltr'><strong>auspicato</strong></span> <span class='ocrx_word' id='word_1_120' title='bbox 497 1329 583 1394; x_wconf 85' lang='lat' dir='ltr'><strong>gerit:</strong></span> <span class='ocrx_word' id='word_1_121' title='bbox 603 1328 660 1393; x_wconf 88' lang='lat' dir='ltr'><strong>qui,</strong></span> <span class='ocrx_word' id='word_1_122' title='bbox 675 1343 758 1395; x_wconf 90' lang='lat' dir='ltr'><strong>quum</strong></span> <span class='ocrx_word' id='word_1_123' title='bbox 769 1341 803 1377; x_wconf 82' lang='lat' dir='ltr'><strong>ex</strong></span> <span class='ocrx_word' id='word_1_124' title='bbox 816 1325 859 1377; x_wconf 83' lang='lat' dir='ltr'><strong>iti·</strong></span> 
     </span>
     <span class='ocr_line' id='line_1_19' title="bbox 48 1395 860 1473; baseline -0.001 -28"><span class='ocrx_word' id='word_1_125' title='bbox 48 1411 115 1448; x_wconf 83' lang='lat' dir='ltr'><strong>nere</strong></span> <span class='ocrx_word' id='word_1_126' title='bbox 125 1395 248 1462; x_wconf 86' lang='lat' dir='ltr'><strong>quodam</strong></span> <span class='ocrx_word' id='word_1_127' title='bbox 259 1397 405 1462; x_wconf 88' lang='lat' dir='ltr'><strong>proposito</strong></span> <span class='ocrx_word' id='word_1_128' title='bbox 412 1402 439 1448; x_wconf 90' lang='lat' dir='ltr'><strong>et</strong></span> <span class='ocrx_word' id='word_1_129' title='bbox 447 1397 602 1448; x_wconf 84' lang='lat' dir='ltr'><strong>constituto</strong></span> <span class='ocrx_word' id='word_1_130' title='bbox 608 1397 777 1458; x_wconf 77' lang='lat' dir='ltr'><strong>revertisset,</strong></span> <span class='ocrx_word' id='word_1_131' title='bbox 784 1395 860 1473; x_wconf 74' lang='lat' dir='ltr'><strong>aqui·</strong></span> 
     </span>
     <span class='ocr_line' id='line_1_20' title="bbox 48 1465 859 1530; baseline -0.004 -13"><span class='ocrx_word' id='word_1_132' title='bbox 48 1465 93 1519; x_wconf 87' lang='lat' dir='ltr'><strong>lae</strong></span> <span class='ocrx_word' id='word_1_133' title='bbox 104 1466 268 1517; x_wconf 85' lang='lat' dir='ltr'><strong>admonitus</strong></span> <span class='ocrx_word' id='word_1_134' title='bbox 278 1466 389 1530; x_wconf 75' lang='lat' dir='ltr'><strong>uolatu3</strong></span> <span class='ocrx_word' id='word_1_135' title='bbox 409 1467 541 1519; x_wconf 79' lang='lat' dir='ltr'><strong>conclave</strong></span> <span class='ocrx_word' id='word_1_136' title='bbox 552 1466 633 1529; x_wconf 84' lang='lat' dir='ltr'><strong>illud,</strong></span> <span class='ocrx_word' id='word_1_137' title='bbox 654 1466 703 1518; x_wconf 89' lang='lat' dir='ltr'><strong>ubi</strong></span> <span class='ocrx_word' id='word_1_138' title='bbox 713 1472 774 1518; x_wconf 86' lang='lat' dir='ltr'><strong>crat</strong></span> <span class='ocrx_word' id='word_1_139' title='bbox 783 1479 859 1515; x_wconf 88' lang='lat' dir='ltr'><strong>man·</strong></span> 
     </span>
     <span class='ocr_line' id='line_1_21' title="bbox 46 1534 849 1603; baseline -0.001 -17"><span class='ocrx_word' id='word_1_140' title='bbox 46 1548 141 1598; x_wconf 83' lang='lat' dir='ltr'><strong>surus,</strong></span> <span class='ocrx_word' id='word_1_141' title='bbox 152 1536 179 1587; x_wconf 89' lang='lat' dir='ltr'><strong>si</strong></span> <span class='ocrx_word' id='word_1_142' title='bbox 189 1536 231 1588; x_wconf 87' lang='lat' dir='ltr'><strong>ire</strong></span> <span class='ocrx_word' id='word_1_143' title='bbox 243 1537 421 1602; x_wconf 83' lang='lat' dir='ltr'><strong>perrexisset,</strong></span> <span class='ocrx_word' id='word_1_144' title='bbox 435 1537 564 1603; x_wconf 80' lang='lat' dir='ltr'><strong>proxima</strong></span> <span class='ocrx_word' id='word_1_145' title='bbox 573 1543 656 1588; x_wconf 90' lang='lat' dir='ltr'><strong>nocte</strong></span> <span class='ocrx_word' id='word_1_146' title='bbox 666 1535 779 1586; x_wconf 77' lang='lat' dir='ltr'><strong>corruit.</strong></span> <span class='ocrx_word' id='word_1_147' title='bbox 812 1534 849 1590; x_wconf 79' lang='lat'><strong>2⁷</strong></span> 
     </span>
     <span class='ocr_line' id='line_1_22' title="bbox 46 1602 859 1673; baseline -0.005 -16"><span class='ocrx_word' id='word_1_148' title='bbox 46 1606 156 1673; x_wconf 87' lang='lat' dir='ltr'><strong>ltaque,</strong></span> <span class='ocrx_word' id='word_1_149' title='bbox 167 1612 201 1655; x_wconf 92' lang='lat' dir='ltr'><strong>ut</strong></span> <span class='ocrx_word' id='word_1_150' title='bbox 210 1621 246 1657; x_wconf 77' lang='lat' dir='ltr'><strong>ex</strong></span> <span class='ocrx_word' id='word_1_151' title='bbox 255 1607 319 1672; x_wconf 91' lang='lat' dir='ltr'><strong>ipso</strong></span> <span class='ocrx_word' id='word_1_152' title='bbox 331 1607 487 1669; x_wconf 78' lang='lat' dir='ltr'><strong>audiebam,</strong></span> <span class='ocrx_word' id='word_1_153' title='bbox 498 1620 634 1673; x_wconf 84' lang='lat' dir='ltr'><strong>persaepe</strong></span> <span class='ocrx_word' id='word_1_154' title='bbox 644 1605 762 1655; x_wconf 82' lang='lat' dir='ltr'><strong>revertit</strong></span> <span class='ocrx_word' id='word_1_155' title='bbox 772 1617 807 1655; x_wconf 81' lang='lat' dir='ltr'><strong>ex</strong></span> <span class='ocrx_word' id='word_1_156' title='bbox 816 1602 859 1654; x_wconf 88' lang='lat' dir='ltr'><strong>iti·</strong></span> 
     </span>
     <span class='ocr_line' id='line_1_23' title="bbox 45 1673 860 1744; baseline -0.004 -18"><span class='ocrx_word' id='word_1_157' title='bbox 45 1691 128 1737; x_wconf 88' lang='lat' dir='ltr'><strong>nere,</strong></span> <span class='ocrx_word' id='word_1_158' title='bbox 149 1690 235 1742; x_wconf 94' lang='lat' dir='ltr'><strong>quum</strong></span> <span class='ocrx_word' id='word_1_159' title='bbox 250 1676 306 1726; x_wconf 89' lang='lat' dir='ltr'><strong>iam</strong></span> <span class='ocrx_word' id='word_1_160' title='bbox 321 1690 484 1744; x_wconf 80' lang='lat' dir='ltr'><strong>progressus</strong></span> <span class='ocrx_word' id='word_1_161' title='bbox 500 1682 576 1728; x_wconf 85' lang='lat' dir='ltr'><strong>essct</strong></span> <span class='ocrx_word' id='word_1_162' title='bbox 586 1674 737 1726; x_wconf 86' lang='lat' dir='ltr'><strong>multorum</strong></span> <span class='ocrx_word' id='word_1_163' title='bbox 754 1673 860 1724; x_wconf 90' lang='lat' dir='ltr'><strong>dierum</strong></span> 
     </span>
     <span class='ocr_line' id='line_1_24' title="bbox 45 1742 860 1813; baseline -0.005 -17"><span class='ocrx_word' id='word_1_164' title='bbox 45 1747 134 1797; x_wconf 77' lang='lat' dir='ltr'><strong>riam.</strong></span> <span class='ocrx_word' id='word_1_165' title='bbox 163 1746 253 1796; x_wconf 86' lang='lat' dir='ltr'><strong>Cuius</strong></span> <span class='ocrx_word' id='word_1_166' title='bbox 264 1744 372 1811; x_wconf 89' lang='lat' dir='ltr'><strong>quidem</strong></span> <span class='ocrx_word' id='word_1_167' title='bbox 385 1746 438 1800; x_wconf 90' lang='lat' dir='ltr'><strong>hoc</strong></span> <span class='ocrx_word' id='word_1_168' title='bbox 450 1745 704 1813; x_wconf 82' lang='lat' dir='ltr'><strong>praeclarissimum</strong></span> <span class='ocrx_word' id='word_1_169' title='bbox 714 1750 767 1808; x_wconf 89' lang='lat' dir='ltr'><strong>est,</strong></span> <span class='ocrx_word' id='word_1_170' title='bbox 778 1742 860 1810; x_wconf 86' lang='lat' dir='ltr'><strong>quod,</strong></span> 
     </span>
     <span class='ocr_line' id='line_1_25' title="bbox 47 1814 907 1882; baseline -0.007 -16"><span class='ocrx_word' id='word_1_171' title='bbox 47 1822 236 1881; x_wconf 80' lang='lat' dir='ltr'><strong>posteaquam</strong></span> <span class='ocrx_word' id='word_1_172' title='bbox 247 1830 263 1865; x_wconf 89' lang='lat' dir='ltr'><strong>a</strong></span> <span class='ocrx_word' id='word_1_173' title='bbox 274 1815 393 1867; x_wconf 81' lang='lat' dir='ltr'><strong>Caesare</strong></span> <span class='ocrx_word' id='word_1_174' title='bbox 403 1814 585 1878; x_wconf 74' lang='lat' dir='ltr'><strong>tetrarchia*‚</strong></span> <span class='ocrx_word' id='word_1_175' title='bbox 595 1828 681 1882; x_wconf 83' lang='lat' dir='ltr'><strong>regno</strong></span> <span class='ocrx_word' id='word_1_176' title='bbox 691 1814 860 1880; x_wconf 79' lang='lat' dir='ltr'><strong>pecuniaque</strong></span> <span class='ocrx_word' id='word_1_177' title='bbox 900 1851 907 1860; x_wconf 78' lang='grc'><em>.</em></span> 
     </span>
     <span class='ocr_line' id='line_1_26' title="bbox 47 1884 861 1951; baseline -0.002 -16"><span class='ocrx_word' id='word_1_178' title='bbox 47 1884 205 1936; x_wconf 87' lang='lat' dir='ltr'><strong>mulctatus</strong></span> <span class='ocrx_word' id='word_1_179' title='bbox 221 1889 280 1945; x_wconf 82' lang='lat' dir='ltr'><strong>est,</strong></span> <span class='ocrx_word' id='word_1_180' title='bbox 299 1891 384 1951; x_wconf 86' lang='lat' dir='ltr'><strong>negat</strong></span> <span class='ocrx_word' id='word_1_181' title='bbox 399 1900 430 1936; x_wconf 90' lang='lat' dir='ltr'><strong>se</strong></span> <span class='ocrx_word' id='word_1_182' title='bbox 444 1891 538 1937; x_wconf 87' lang='lat' dir='ltr'><strong>tamen</strong></span> <span class='ocrx_word' id='word_1_183' title='bbox 554 1900 649 1937; x_wconf 88' lang='lat' dir='ltr'><strong>eorum</strong></span> <span class='ocrx_word' id='word_1_184' title='bbox 666 1884 861 1950; x_wconf 78' lang='lat' dir='ltr'><strong>auspiciorum,</strong></span> 
     </span>
     <span class='ocr_line' id='line_1_27' title="bbox 3 1952 860 2021; baseline -0.002 -15"><span class='ocrx_word' id='word_1_185' title='bbox 3 1991 5 2018; x_wconf 87' lang='lat'><strong>:</strong></span> <span class='ocrx_word' id='word_1_186' title='bbox 49 1969 120 2020; x_wconf 86' lang='lat' dir='ltr'><strong>quac</strong></span> <span class='ocrx_word' id='word_1_187' title='bbox 132 1953 191 2005; x_wconf 88' lang='lat' dir='ltr'><strong>sibi</strong></span> <span class='ocrx_word' id='word_1_188' title='bbox 202 1953 239 2003; x_wconf 88' lang='lat' dir='ltr'><strong>ad</strong></span> <span class='ocrx_word' id='word_1_189' title='bbox 250 1952 409 2020; x_wconf 87' lang='lat' dir='ltr'><strong>Pompeium</strong></span> <span class='ocrx_word' id='word_1_190' title='bbox 426 1954 616 2021; x_wconf 83' lang='lat' dir='ltr'><strong>p&#39;rofieiscenti</strong></span> <span class='ocrx_word' id='word_1_191' title='bbox 631 1954 754 2006; x_wconf 90' lang='lat' dir='ltr'><strong>secunda</strong></span> <span class='ocrx_word' id='word_1_192' title='bbox 764 1968 860 2005; x_wconf 63' lang='lat' dir='ltr'><strong>erens</strong></span> 
     </span>
     <span class='ocr_line' id='line_1_28' title="bbox 3 2022 860 2089; baseline 0.001 -16"><span class='ocrx_word' id='word_1_193' title='bbox 3 2025 4 2028; x_wconf 77' lang='grc'>’</span> <span class='ocrx_word' id='word_1_194' title='bbox 48 2023 117 2084; x_wconf 90' lang='lat' dir='ltr'><strong>rint,</strong></span> <span class='ocrx_word' id='word_1_195' title='bbox 134 2024 292 2089; x_wconf 85' lang='lat' dir='ltr'><strong>poenitere.</strong></span> <span class='ocrx_word' id='word_1_196' title='bbox 329 2022 446 2076; x_wconf 83' lang='lat' dir='ltr'><strong>Senatus</strong></span> <span class='ocrx_word' id='word_1_197' title='bbox 458 2025 530 2076; x_wconf 90' lang='lat' dir='ltr'><strong>enim</strong></span> <span class='ocrx_word' id='word_1_198' title='bbox 543 2024 754 2085; x_wconf 82' lang='lat' dir='ltr'><strong>auctoritatem,</strong></span> <span class='ocrx_word' id='word_1_199' title='bbox 773 2029 860 2089; x_wconf 80' lang='lat' dir='ltr'><strong>etpo-</strong></span> 
     </span>
     <span class='ocr_line' id='line_1_29' title="bbox 45 2092 860 2161; baseline -0.001 -18"><span class='ocrx_word' id='word_1_200' title='bbox 45 2093 240 2159; x_wconf 86' lang='lat' dir='ltr'><strong>puliRomani</strong></span> <span class='ocrx_word' id='word_1_201' title='bbox 251 2092 410 2145; x_wconf 83' lang='lat' dir='ltr'><strong>libertatem</strong></span> <span class='ocrx_word' id='word_1_202' title='bbox 422 2100 505 2160; x_wconf 88' lang='lat' dir='ltr'><strong>atque</strong></span> <span class='ocrx_word' id='word_1_203' title='bbox 514 2094 625 2161; x_wconf 86' lang='lat' dir='ltr'><strong>imperii</strong></span> <span class='ocrx_word' id='word_1_204' title='bbox 631 2093 793 2160; x_wconf 82' lang='lat' dir='ltr'><strong>dignitatem</strong></span> <span class='ocrx_word' id='word_1_205' title='bbox 801 2092 860 2142; x_wconf 89' lang='lat' dir='ltr'><strong>suis</strong></span> 
     </span>
     <span class='ocr_line' id='line_1_30' title="bbox 45 2160 860 2230; baseline -0.001 -17"><span class='ocrx_word' id='word_1_206' title='bbox 45 2163 136 2213; x_wconf 74' lang='lat' dir='ltr'><strong>mnis</strong></span> <span class='ocrx_word' id='word_1_207' title='bbox 148 2175 212 2213; x_wconf 89' lang='lat' dir='ltr'><strong>esse</strong></span> <span class='ocrx_word' id='word_1_208' title='bbox 224 2160 379 2214; x_wconf 72' lang='lat' dir='ltr'><strong>defensam:</strong></span> <span class='ocrx_word' id='word_1_209' title='bbox 393 2163 503 2230; x_wconf 75' lang='lat' dir='ltr'><strong>sibique</strong></span> <span class='ocrx_word' id='word_1_210' title='bbox 514 2178 562 2215; x_wconf 85' lang='lat' dir='ltr'><strong>eas</strong></span> <span class='ocrx_word' id='word_1_211' title='bbox 572 2179 645 2224; x_wconf 83' lang='lat' dir='ltr'><strong>ares,</strong></span> <span class='ocrx_word' id='word_1_212' title='bbox 656 2163 754 2230; x_wconf 91' lang='lat' dir='ltr'><strong>quibus</strong></span> <span class='ocrx_word' id='word_1_213' title='bbox 765 2167 860 2213; x_wconf 89' lang='lat' dir='ltr'><strong>aucto·</strong></span> 
     </span>
     <span class='ocr_line' id='line_1_31' title="bbox 43 2230 859 2296; baseline -0.005 -13"><span class='ocrx_word' id='word_1_214' title='bbox 43 2233 127 2286; x_wconf 78' lang='lat' dir='ltr'><strong>ribus</strong></span> <span class='ocrx_word' id='word_1_215' title='bbox 139 2230 265 2283; x_wconf 85' lang='lat' dir='ltr'><strong>officium</strong></span> <span class='ocrx_word' id='word_1_216' title='bbox 277 2240 306 2282; x_wconf 91' lang='lat' dir='ltr'><strong>et</strong></span> <span class='ocrx_word' id='word_1_217' title='bbox 317 2232 400 2284; x_wconf 85' lang='lat' dir='ltr'><strong>iidem</strong></span> <span class='ocrx_word' id='word_1_218' title='bbox 411 2239 522 2284; x_wconf 88' lang='lat' dir='ltr'><strong>secutus</strong></span> <span class='ocrx_word' id='word_1_219' title='bbox 533 2240 616 2296; x_wconf 86' lang='lat' dir='ltr'><strong>esset,</strong></span> <span class='ocrx_word' id='word_1_220' title='bbox 626 2233 697 2283; x_wconf 82' lang='lat' dir='ltr'><strong>bene</strong></span> <span class='ocrx_word' id='word_1_221' title='bbox 707 2232 859 2284; x_wconf 80' lang='lat' dir='ltr'><strong>consuluis-</strong></span> 
     </span>
     <span class='ocr_line' id='line_1_32' title="bbox 43 2301 859 2370; baseline -0.007 -16"><span class='ocrx_word' id='word_1_222' title='bbox 43 2318 84 2355; x_wconf 83' lang='lat' dir='ltr'><strong>se.</strong></span> <span class='ocrx_word' id='word_1_223' title='bbox 114 2301 312 2367; x_wconf 74' lang='lat' dir='ltr'><strong>Antiquiorem</strong></span> <span class='ocrx_word' id='word_1_224' title='bbox 323 2302 396 2353; x_wconf 89' lang='lat' dir='ltr'><strong>enim</strong></span> <span class='ocrx_word' id='word_1_225' title='bbox 408 2303 460 2353; x_wconf 90' lang='lat' dir='ltr'><strong>sibi</strong></span> <span class='ocrx_word' id='word_1_226' title='bbox 471 2303 557 2356; x_wconf 82' lang='lat' dir='ltr'><strong>fuisse</strong></span> <span class='ocrx_word' id='word_1_227' title='bbox 568 2303 792 2370; x_wconf 82' lang='lat' dir='ltr'><strong>possessionibus</strong></span> <span class='ocrx_word' id='word_1_228' title='bbox 803 2302 859 2349; x_wconf 84' lang='lat' dir='ltr'><strong>suis</strong></span> 
     </span>
     <span class='ocr_line' id='line_1_33' title="bbox 44 2368 856 2440; baseline -0.009 -16"><span class='ocrx_word' id='word_1_229' title='bbox 44 2371 181 2438; x_wconf 73' lang='lat' dir='ltr'><strong>gloriam.</strong></span> <span class='ocrx_word' id='word_1_230' title='bbox 196 2370 250 2422; x_wconf 84' lang='lat' dir='ltr'><strong>ille</strong></span> <span class='ocrx_word' id='word_1_231' title='bbox 261 2369 329 2421; x_wconf 88' lang='lat' dir='ltr'><strong>mihi</strong></span> <span class='ocrx_word' id='word_1_232' title='bbox 340 2369 450 2423; x_wconf 81' lang='lat' dir='ltr'><strong>videtur</strong></span> <span class='ocrx_word' id='word_1_233' title='bbox 459 2373 546 2440; x_wconf 76' lang='lat' dir='ltr'><strong>igitur</strong></span> <span class='ocrx_word' id='word_1_234' title='bbox 556 2387 620 2424; x_wconf 77' lang='lat' dir='ltr'><strong>vere</strong></span> <span class='ocrx_word' id='word_1_235' title='bbox 632 2370 772 2439; x_wconf 79' lang='lat' dir='ltr'><strong>augurari.</strong></span> <span class='ocrx_word' id='word_1_236' title='bbox 786 2368 856 2420; x_wconf 81' lang='lat' dir='ltr'><strong>Nau·</strong></span> 
     </span>
     <span class='ocr_line' id='line_1_34' title="bbox 43 2437 858 2509; baseline -0.012 -13"><span class='ocrx_word' id='word_1_237' title='bbox 43 2442 140 2496; x_wconf 70' lang='lat' dir='ltr'><strong>nostri</strong></span> <span class='ocrx_word' id='word_1_238' title='bbox 151 2440 266 2507; x_wconf 89' lang='lat' dir='ltr'><strong>quidem</strong></span> <span class='ocrx_word' id='word_1_239' title='bbox 281 2441 461 2509; x_wconf 71' lang='lat' dir='ltr'><strong>magistratus</strong></span> <span class='ocrx_word' id='word_1_240' title='bbox 473 2443 605 2507; x_wconf 77' lang='lat' dir='ltr'><strong>auspiciis</strong></span> <span class='ocrx_word' id='word_1_241' title='bbox 616 2448 733 2492; x_wconf 84' lang='lat' dir='ltr'><strong>utuntur</strong></span> <span class='ocrx_word' id='word_1_242' title='bbox 744 2437 858 2488; x_wconf 84' lang='lat' dir='ltr'><strong>coactis.</strong></span> 
     </span>
     <span class='ocr_line' id='line_1_35' title="bbox 41 2509 860 2583; baseline -0.009 -19"><span class='ocrx_word' id='word_1_243' title='bbox 41 2511 173 2565; x_wconf 71' lang='lat' dir='ltr'><strong>Necesse</strong></span> <span class='ocrx_word' id='word_1_244' title='bbox 194 2511 341 2573; x_wconf 66' lang='lat' dir='ltr'><strong>enimam,</strong></span> <span class='ocrx_word' id='word_1_245' title='bbox 358 2510 415 2562; x_wconf 80' lang='lat' dir='ltr'><strong>offa</strong></span> <span class='ocrx_word' id='word_1_246' title='bbox 431 2511 555 2572; x_wconf 85' lang='lat' dir='ltr'><strong>obieeta,</strong></span> <span class='ocrx_word' id='word_1_247' title='bbox 575 2510 676 2562; x_wconf 84' lang='lat' dir='ltr'><strong>cadere</strong></span> <span class='ocrx_word' id='word_1_248' title='bbox 690 2509 808 2583; x_wconf 75' lang='lat' dir='ltr'><strong>frustum</strong></span> <span class='ocrx_word' id='word_1_249' title='bbox 825 2516 860 2552; x_wconf 77' lang='lat' dir='ltr'><strong>rx</strong></span> 
     </span>
     <span class='ocr_line' id='line_1_36' title="bbox 62 2575 861 2648; baseline -0.01 -17"><span class='ocrx_word' id='word_1_250' title='bbox 62 2580 120 2632; x_wconf 90' lang='lat' dir='ltr'><strong>ulli</strong></span> <span class='ocrx_word' id='word_1_251' title='bbox 132 2595 195 2641; x_wconf 78' lang='lat' dir='ltr'><strong>ore,</strong></span> <span class='ocrx_word' id='word_1_252' title='bbox 204 2595 287 2646; x_wconf 92' lang='lat' dir='ltr'><strong>quum</strong></span> <span class='ocrx_word' id='word_1_253' title='bbox 298 2581 431 2648; x_wconf 84' lang='lat' dir='ltr'><strong>pascitur.</strong></span> <span class='ocrx_word' id='word_1_254' title='bbox 467 2582 510 2631; x_wconf 80' lang='lat'><strong>28.</strong></span> <span class='ocrx_word' id='word_1_255' title='bbox 527 2579 608 2642; x_wconf 76' lang='lat' dir='ltr'><strong>Quod</strong></span> <span class='ocrx_word' id='word_1_256' title='bbox 620 2584 714 2628; x_wconf 82' lang='lat' dir='ltr'><strong>autem</strong></span> <span class='ocrx_word' id='word_1_257' title='bbox 726 2575 861 2646; x_wconf 72' lang='lat' dir='ltr'><strong>sculptum</strong></span> 
     </span>
     <span class='ocr_line' id='line_1_37' title="bbox 83 2637 862 2771; baseline -0.021 -69"><span class='ocrx_word' id='word_1_258' title='bbox 83 2650 186 2771; x_wconf 56' lang='lat' dir='ltr'><strong>icietisb</strong></span> <span class='ocrx_word' id='word_1_259' title='bbox 198 2656 265 2771; x_wconf 73' lang='lat' dir='ltr'><strong>ath</strong></span> <span class='ocrx_word' id='word_1_260' title='bbox 265 2649 418 2717; x_wconf 86' lang='lat' dir='ltr'><strong>tripudium</strong></span> <span class='ocrx_word' id='word_1_261' title='bbox 433 2650 507 2714; x_wconf 75' lang='lat' dir='ltr'><strong>fieri,</strong></span> <span class='ocrx_word' id='word_1_262' title='bbox 525 2649 552 2699; x_wconf 85' lang='lat' dir='ltr'><strong>si</strong></span> <span class='ocrx_word' id='word_1_263' title='bbox 567 2664 602 2702; x_wconf 84' lang='lat' dir='ltr'><strong>ex</strong></span> <span class='ocrx_word' id='word_1_264' title='bbox 612 2662 657 2765; x_wconf 54' lang='grc' dir='ltr'><strong>εἰ</strong></span> <span class='ocrx_word' id='word_1_265' title='bbox 658 2640 723 2711; x_wconf 92' lang='lat' dir='ltr'><strong>quid</strong></span> <span class='ocrx_word' id='word_1_266' title='bbox 732 2639 761 2689; x_wconf 89' lang='lat' dir='ltr'><strong>in</strong></span> <span class='ocrx_word' id='word_1_267' title='bbox 772 2637 862 2706; x_wconf 84' lang='lat' dir='ltr'><strong>solum</strong></span> 
     </span>
     <span class='ocr_line' id='line_1_38' title="bbox 110 2734 273 2773; baseline 0 -1"><span class='ocrx_word' id='word_1_268' title='bbox 110 2734 147 2773; x_wconf 84' lang='lat' dir='ltr'><strong>rc.</strong></span> <span class='ocrx_word' id='word_1_269' title='bbox 187 2735 212 2772; x_wconf 78' lang='lat' dir='ltr'><strong>r.</strong></span> <span class='ocrx_word' id='word_1_270' title='bbox 266 2757 273 2772; x_wconf 93' lang='lat'><strong><em>.</em></strong></span> 
     </span>
    </p>
   </div>
   <div class='ocr_carea' id='block_1_5' title="bbox 0 0 1046 3025">
    <p class='ocr_par' dir='ltr' id='par_1_5' title="bbox 0 0 1046 3025">
     <span class='ocr_line' id='line_1_39' title="bbox 0 0 1046 3025; baseline 0 0"><span class='ocrx_word' id='word_1_271' title='bbox 0 0 1046 3025; x_wconf 95' lang='lat' dir='ltr'><strong> </strong></span> 
     </span>
    </p>
   </div>
  </div>
 </body>
</html>
