2084 3025
197 131 227 185 -o
384 127 444 183 nn
462 107 858 199 unrunnnsoneir'

209 234 239 286 in
252 247 308 302 pua
321 245 452 285 sumniam
469 234 567 287 honrem
581 234 721 302 Epicuros
737 233 818 303 ponit
824 250 836 294 ‚·
855 248 940 299 neque
959 246 1024 283 rnna

210 302 310 355 doloris
325 302 449 355 vacuitas
464 314 515 355 arnt
526 303 793 426 atmdnqseie'citatis
802 319 871 354 suae
882 300 1023 370 cogitatio

212 372 302 424 iratos
313 388 357 424 eos
366 369 474 438 efficere
484 382 584 439 potest.
648 383 752 440 tquum
762 385 865 441 semper
871 374 1026 439 pulsentur

161 491 163 495 Α
213 440 541 504 incentioneatomorum‚
561 451 589 494 et
596 443 728 512 imagines
745 460 778 495 ex
788 443 968 510 ipsissemper
979 439 1028 510 es·

207 509 312 581 fleant,
329 528 382 564 non
389 521 504 579 possunt
513 528 566 563 non
576 512 717 564 interitione
729 512 838 574 tinente,
856 511 927 579 quod
935 507 1028 560 heati-

213 579 304 631 tudine*
320 581 402 700 {iam
421 589 567 649 repugnat.
590 598 615 633 c.
629 580 663 633 37
674 579 761 635 -m
802 580 935 646 Quoniam
956 589 1028 629 sero

213 649 311 701 otiosos

213 733 355 770 manarant
370 734 466 771 cetram
483 718 629 784 debentes,
650 721 721 773 nihil
739 720 858 773 hannones
877 718 1028 777 innuentem

211 799 314 842 monem
324 789 536 841 sanctitatemet
548 791 674 842 adversm
684 790 757 843 Deos
764 789 907 859 pietatem,
927 803 1027 856 quana·

212 873 293 928 qaam
303 857 513 927 necimmerito,
527 868 617 913 tannen
627 878 657 913 re
667 863 774 912 tollant.
792 877 816 912 c.
827 860 870 916 42„
879 874 936 927 sqq.

350 664 395 700 eos
406 649 585 703 introducent
594 650 735 718 Epicurei,
756 654 858 704 nnllam
868 648 961 700 serrem
972 646 1028 698 isu-

132 1058 137 1063 ,
211 990 269 1050 1.1.
284 951 388 1056 Quum
408 995 513 1048 multae
533 1011 578 1047 res
598 996 627 1047 in
647 992 825 1063 philosophia
844 1008 1026 1062 nequaquem

183 1115 187 1127 ,
214 1065 284 1116 setis
295 1064 386 1117 edhuc
397 1066 553 1131 explicatae
564 1073 637 1129 sunt,
659 1072 717 1115 tum
727 1064 908 1131 perdifficilis,
923 1062 1027 1130 Brute,

214 1135 301 1201 (quod
308 1140 343 1185 tu
353 1134 466 1185 minime
477 1135 609 1202 ignoras)
622 1141 652 1186 et
661 1134 830 1201 perobscura
840 1132 968 1202 quaestio
979 1139 1028 1184 est

215 1203 361 1255 denatura
370 1202 507 1255 Deorum:
517 1217 588 1271 quoe
599 1209 628 1255 et
638 1205 674 1255 nd
684 1203 856 1272 agnitionem
867 1202 952 1255 enimi
961 1199 1029 1269 pul·

217 1271 353 1328 cherrima
362 1278 415 1334 ¹est,
427 1279 455 1323 et
465 1272 709 1327 admoderandem
719 1269 885 1342 reiigionem
895 1287 1027 1325 neeessa-

214 1343 267 1393 ria.
303 1342 346 1393 De
360 1355 416 1408 qua
429 1349 488 1395 tem
501 1343 598 1394 ramae
613 1349 678 1394 sunt
694 1343 920 1397 doctissimorum
932 1340 1027 1394 horni-

216 1427 281 1461 num
291 1416 404 1477 temque
420 1411 610 1477 discrepantes
628 1415 799 1477 sententiac;
820 1419 851 1464 ut
866 1426 968 1479 magno
980 1424 1028 1462 111·

216 1486 349 1551 gemente
361 1495 422 1533 esse
433 1480 547 1543 debeat,
569 1494 709 1546 caussam,
730 1482 769 1551 [id
780 1491 831 1547 est,
853 1481 1034 1550 principium,

215 1549 429 1619 philosophiae]
446 1567 506 1603 esse
526 1552 715 1614 inscientiam,
733 1553 938 1620 prudenterque
955 1554 1027 1603 Aen-

218 1621 342 1674 demieos
366 1621 486 1673 erebus
505 1623 620 1674 incertis
646 1624 833 1674 assensionem
854 1622 1025 1674 cohibuisse.

179 1728 181 1733 ,
217 1690 293 1751 Quid
308 1697 351 1742 est
365 1690 437 1743 enim
452 1693 613 1744 temeritate
628 1693 753 1757 turpius?
772 1697 821 1743 aut
836 1692 902 1758 quid
912 1698 1026 1745 temeto·

217 1760 368 1810 mererium
384 1766 497 1826 temque
510 1760 657 1826 indignum
676 1760 811 1824 sepientis
828 1763 968 1824 granrnatc
984 1767 1028 1812 ut·

218 1842 271 1896 que
282 1829 445 1889 constantia,
466 1842 549 1894 qnam
562 1828 719 1878 eutfnlsum
730 1829 846 1889 sentire,
869 1833 926 1889 aut,
947 1827 1030 1896 quod

217 1898 353 1949 nonsatis
365 1897 509 1963 explorate
520 1903 679 1962 perceptum
691 1898 728 1946 sit
742 1902 771 1948 et
786 1894 941 1961 cognitum,
963 1898 1027 1949 sins

217 1966 278 2018 ulle
289 1967 463 2019 dubitatione
476 1963 641 2017 defenderet
654 1964 773 2017 2.Velnt
782 1966 811 2017 in
822 1965 875 2017 hnc
885 1969 1027 2033 quaestio·

218 2052 269 2099 ne,
289 2036 415 2102 plerique
435 2035 520 2102 (quod
541 2036 662 2086 maxime
682 2034 833 2088 verisimile
854 2042 897 2088 est
917 2042 946 2088 et
968 2048 1026 2104 quo

220 2120 316 2156 omnes
331 2105 401 2157 duee
415 2111 516 2156 notura
535 2096 682 2167 seniorum)
702 2103 779 2157 Deos
800 2121 861 2158 esse
881 2104 1026 2158 dixeruntt

220 2174 348 2228 dubitare
364 2190 394 2226 se
405 2173 588 2242 Protagoras:
608 2174 701 2226 nullos
720 2191 783 2226 esse
794 2176 906 2227 ommno
918 2175 1026 2245 Diago-

219 2259 267 2296 ras
286 2244 390 2295 Melius
414 2247 443 2296 et
463 2244 631 2296 Theodorus
655 2246 826 2312 cyrenaicus
848 2251 1024 2312 putaverunt.

221 2313 276 2376 Qui
285 2328 352 2366 vero
362 2313 438 2364 Deos
450 2329 510 2367 esse
521 2314 663 2377 dixerunt,
684 2321 764 2367 tante
778 2322 842 2367 sunt
851 2317 879 2366 in
889 2316 1025 2367 vemetnts

221 2398 254 2435 ee
266 2383 453 2448 dissensione,
473 2390 505 2436 ut
520 2396 616 2437 eorum
630 2384 779 2437 molestum
796 2387 833 2436 sit
849 2385 1025 2438 dinumerare

144 2480 147 2495 ·
220 2453 382 2506 sententies.
418 2452 491 2506 Nem
507 2461 536 2507 et
552 2455 587 2508 de
602 2455 699 2523 figuris
711 2456 849 2518 Deorum,
869 2461 898 2506 et
909 2455 943 2506 de
953 2456 1024 2508 locis

217 2528 302 2589 etque
313 2523 426 2576 sedibus
437 2526 585 2578 cinctione
595 2525 671 2578 vitae
682 2526 771 2577 muita
780 2523 922 2588 dicuntum
934 2525 1023 2595 dequo

217 2588 263 2643 inis
273 2592 613 2664 summuphilosophorum
621 2596 794 2648 dissensione
800 2600 936 2647 certatim:
947 2592 1022 2663 quod

217 2674 284 2715 rere
295 2666 415 2720 moxims
426 2680 485 2721 rem
497 2680 678 2735 caussamque
693 2665 830 2729 continet,
848 2670 941 2716 utrum
951 2663 1020 2719 nihii
