2084 3025
150 117 154 136 .
188 75 239 129 148
359 72 398 125 Μ.
417 72 564 125 TULLII
578 70 814 125 ,clcssnoltls

185 190 251 239 rent,
272 177 385 242 quorum
395 179 421 225 in
432 194 540 244 numero
553 177 592 226 Μ.
600 178 655 242 ipsc
666 177 768 228 Tullius
777 178 951 242 interrogatus
963 175 996 227 ait

185 244 219 306 ad
234 263 261 293 sc
279 246 419 297 salutatum
436 245 533 292 venisse
551 247 606 310 ipsa
618 243 664 293 dte
676 244 814 307 Clodium,
835 264 887 310 qua
903 263 933 293 se
950 246 995 294 ille

185 309 351 376 ¹contenderat
366 311 527 360 Interamnae
544 314 622 360 fnisse
637 312 755 360 millibus
769 329 895 377 pacsanum
914 313 997 360 ferme

184 395 223 429 xc
240 381 272 428 ab
283 379 354 428 Urbe
369 378 544 427 disiunctum:
561 395 614 443 quo
631 380 728 427 scilicet
741 380 820 428 rideri
837 380 944 428 volebat
954 380 999 427 in-

185 447 248 497 cesti
258 447 354 496 Rcmae
372 446 551 494 committendi
568 447 717 495 facultatem
733 465 786 506 non
796 447 929 497 habuisse.
964 446 999 495 Et

183 513 322 582 posthaec
341 514 372 562 ab
393 512 520 561 iudicibus
538 530 605 562 xxv
622 513 757 562 damnatus
769 525 814 562 est.
838 512 999 562 2Praevaluit

183 595 272 632 tomen
282 580 315 629 ad
326 582 380 630 eius
389 581 716 640 victoriamauaicceornm
726 598 864 641 numerus,
881 582 932 645 qui
949 581 999 628 ab·

183 651 324 700 solverunt·
352 648 419 697 Nam
429 664 569 714 xxxrprc
580 666 611 697 ec
622 648 758 697 sententiae
768 650 832 696 latae
843 659 915 695 sunt.
934 646 999 695 Inde

183 717 262 781 igitur
272 716 386 780 capitalia
397 715 516 765 inimicus
528 719 554 764 iu
565 718 601 764 M.
613 716 732 764 Tullium
742 717 824 780 coepit
835 716 933 763 efferri.
965 715 1000 763 Et

184 800 267 850 quum
283 785 331 834 illc
346 799 413 831 anno
427 779 558 850 potestate
575 784 727 848 Quaestoria
745 784 910 846 fungeretur,
929 780 998 847 apud

184 853 312 917 populum
329 851 489 910 creberrimis
505 868 568 898 eunt
576 851 742 899 concionibus
757 849 908 898 lacessebat.
944 849 999 898 Mi-

183 936 229 968 nat
250 919 311 983 quin
331 919 412 967 immo
428 918 608 982 praetendens,
626 917 659 965 nd
677 918 802 966 familiam
822 934 850 965 se
865 916 998 983 plebeiam

183 987 360 1050 transiturum,
371 998 400 1034 ut
410 988 542 1035 Tribunus
553 987 591 1053 pl.
601 986 680 1046 lieret,
691 984 866 1033 denuntiabat.
891 984 999 1046 Quibus

184 1054 362 1102 minacissimis
369 1053 438 1102 illius
448 1054 553 1103 vocibus
563 1053 726 1103 veliementer
737 1063 761 1100 et
771 1053 899 1102 acerrimo
905 1054 1001 1118 spiritu

185 1120 232 1236 Ιὲτιο
241 1121 355 1200 oratione
366 1119 456 1170 Cicero
466 1120 742 1188 respondit‚'duorum,
752 1131 807 1168 tam
815 1121 907 1186 ipsius,
917 1137 1001 1185 quam

209 1205 315 1239 ursonis.

478 1262 703 1337 ἐπι-α’..

161 1425 165 1428 ,
235 1373 310 1436 (Hoc
328 1376 418 1424 veteris
439 1374 590 1425 scholiastae
612 1386 792 1441 argumentum
809 1384 834 1422 ct
850 1388 919 1438 quae
935 1370 1000 1421 huic

184 1442 297 1491 subiecta
315 1455 374 1492 suut
392 1443 514 1492 orationis
534 1445 690 1508 fragmenta,
716 1439 818 1508 practei
838 1452 965 1505 quattuor
985 1456 1001 1489 c

185 1510 373 1574 Quinctiliano‚
393 1509 445 1559 duc
462 1510 579 1570 cilonio,
601 1528 684 1560 unum
699 1530 730 1560 ex
741 1510 836 1559 horum
847 1524 963 1572 utroque
976 1519 1001 1557 tt

185 1577 326 1637 liubulam,
338 1590 363 1626 et
373 1595 455 1627 unum
465 1596 495 1627 ex
505 1580 562 1644 ipsc
569 1578 692 1627 Cicerone
701 1578 752 1627 iani
763 1579 809 1626 diu
820 1577 934 1638 cognita,
940 1578 999 1641 pri·-

184 1662 259 1693 mum
279 1645 345 1694 edita
360 1665 374 1694 a
384 1646 452 1694 Maio
469 1645 551 1695 ecod.
567 1643 739 1694 Ambrosiano
754 1643 901 1694 Mediolani
921 1641 999 1692 1814.

185 1704 368 1778 supplementis
386 1713 480 1762 codicis
495 1714 662 1781 laurinensis
679 1712 779 1782 Peyron
790 1712 861 1760 auxit
873 1707 964 1766 1824.)
1038 1752 1039 1758 ,

184 1837 205 1887 l.
221 1803 437 1901 †Statucram‚
460 1837 491 1891 P.
504 1840 550 1901 0.,
561 1838 653 1905 quoad
663 1853 727 1890 reus
738 1842 812 1889 cssct
822 1835 854 1887 P.
866 1834 998 1900 Clodius,

151 1966 157 1979 ι
183 1904 254 1956 nihil
276 1905 310 1957 dc
326 1907 376 1957 illo
393 1922 482 1974 neque
499 1909 574 1974 apud
584 1926 634 1960 vos
645 1923 735 1975 neque
746 1907 803 1959 alio
815 1906 875 1957 ullo
888 1906 921 1955 in
931 1907 998 1957 loco

185 1977 287 2027 dicere.
310 1975 432 2028 Tametsi
442 1977 642 2030 acerbissimum
653 1987 681 2029 et
692 1977 813 2042 capitale
824 1974 895 2026 mibi
905 1975 997 2027 odiunt

185 2044 295 2109 ηήηὶετ
308 2062 341 2096 ac
364 2045 477 2097 furiosis
493 2047 672 2099 concionibus
688 2045 829 2099 indixerat
847 2045 942 2111 (quod
958 2044 996 2096 si·

185 2114 243 2165 niul
253 2115 288 2165 ab
299 2130 333 2166 eo
344 2114 413 2165 mihi
424 2122 452 2166 et
462 2118 503 2168 rei
513 2117 642 2184 publicae
654 2116 891 2173 denuntiabatur)
899 2124 996 2175 ,touton

152 2188 156 2195 '
182 2198 268 2250 tteqtoe
283 2184 342 2237 dixi
358 2185 505 2253 quidquam
517 2204 570 2254 pro
587 2185 754 2247 testimonio,
772 2184 831 2236 aiii
843 2186 920 2251 quod
933 2192 995 2234 erat

183 2253 223 2306 ito
236 2263 327 2307 notram
344 2263 426 2322 atque
438 2264 590 2319 recemum,-
603 2266 634 2309 nt
645 2272 697 2309 non
703 2271 810 2322 possem
823 2253 994 2321 praeterire,

184 2332 211 2374 et
220 2323 309 2395 focile
319 2324 462 2391 patiebar,
485 2327 505 2390 †
517 2325 588 2377 nibil
598 2343 642 2378 mc
654 2323 756 2376 addcrc
771 2323 806 2374 ad
819 2323 938 2374 alterius
950 2336 995 2388 pc·

183 2392 309 2444 ricdlunt.
347 2391 411 2445 Noa
433 2395 503 2447 enim
519 2397 596 2448 illum
611 2412 701 2458 reone,
720 2394 767 2445 sed
781 2393 880 2444 millies
897 2392 994 2462 conde·

181 2471 301 2512 trinutum
313 2461 481 2524 arbitrabor,
503 2465 558 2516 nisi
568 2465 677 2533 religio,
697 2463 752 2516 niti
758 2461 918 2530 pudicitia,
940 2460 993 2513 nist

181 2527 427 2597 iudiciornorfldes,
448 2534 502 2584 nisi
513 2533 630 2586 Senatus
641 2534 794 2585 auctoritas
806 2532 893 2583 omnis
906 2529 991 2582 conei-

181 2595 272 2647 disset.
307 2599 327 2663 †
344 2599 391 2651 Sin
407 2603 658 2668 essotiudicatum‚
673 2614 730 2657 nort
741 2601 830 2655 videri
841 2601 935 2655 tirum
945 2615 988 2650 rc
