2084 3025
183 138 267 193 240v
301 128 303 132 ’
417 129 476 183 DE
494 130 549 184 Re
566 129 750 186 eueniet
822 137 831 145 “

118 226 128 237 ”
184 240 316 291 derentur
327 241 410 306 atque
424 236 545 302 imperii.
580 235 704 302 Primum
715 234 791 301 quod
802 239 901 288 essent
912 234 997 288 urbes

183 307 341 363 maritimae
353 309 409 359 nou'
421 306 511 357 solum
522 305 619 357 multis
631 306 764 372 periculis
776 307 934 374 oppositae,
944 305 997 357 seu

184 379 270 432 etiam
281 378 379 428 caecis.
396 372 467 427 Nam
478 375 554 427 ter'ra
565 377 709 426 continens
722 374 859 427 adventus
869 374 996 427 bostium
1038 393 1039 440 u

181 460 238 501 non
251 445 334 498 modo
345 451 534 512 exspectatos,
553 445 603 497 sed
614 446 698 497 etiam
709 446 882 513 repentinos,
897 444 996 496 multis
1038 445 1039 488 l

101 571 103 578 ,
182 516 295 571 indiciis
305 522 333 567 et
344 514 424 584 quasi
435 513 548 582 fragore
559 515 679 581 quodam
690 521 718 566 et
730 515 824 566 sonitu
844 514 908 579 ipso
928 521 995 568 ante
1038 579 1039 582 Ἴ

184 585 340 639 denuntiat.
376 584 474 651 Neque
488 599 555 637 vero
573 585 719 652 quisquam
737 591 830 652 potest
842 582 934 633 hostie
947 583 996 635 atl-

158 685 161 688 ,
182 658 279 710 volare
297 661 385 717 terra,
407 654 473 721 quin
490 670 553 706 eum
568 670 624 706 non
639 654 722 706 modo
735 671 808 716 esse,
829 652 880 704 sed
898 654 997 716 etiam,
1038 669 1039 718 4

183 728 245 794 quis
255 730 286 777 et
296 723 368 776 unde
377 725 423 786 sit,
434 725 507 776 scire
518 724 665 791 possimus.
694 724 852 775 Maritimus
862 738 933 774 vero
945 721 998 776 ille
1038 747 1039 810 p

183 804 212 850 et
222 795 331 847 navalis
341 792 430 846 hostis
441 799 506 847 ante
518 794 616 846 adesse
626 799 734 861 potest,
749 808 833 861 quam
843 792 999 859 quisquam
1038 837 1039 854 ,

181 872 329 918 venturum
343 880 403 917 esse
413 867 552 932 suspicari
567 870 658 931 queat.
693 863 938 930 Necvero‚quum
949 877 999 927 ye-
1038 875 1039 952 p

181 938 233 997 nit,
242 950 309 1001 prae
315 950 345 986 se
352 932 416 995 fert,
423 941 472 985 aut
478 934 524 1001 qui
532 935 579 996 sit,
590 933 826 995 autundereniat,
836 931 999 1002 autetiam,
1038 963 1039 972 η

183 1004 250 1072 quid
262 1004 345 1067 relit3
365 1003 484 1070 denique
495 1020 530 1057 ne
542 1009 610 1055 notu
622 1003 734 1073 quidem
744 1003 812 1065 ulla,
827 1006 950 1071 pacatus
961 1018 999 1054 au
1038 1053 1039 1068 2

182 1072 272 1125 hostis
283 1074 329 1134 sit,
340 1071 462 1125 discerni
472 1090 506 1126 ac
513 1071 635 1125 iudicari
644 1078 747 1140 potest.

235 1141 291 1193 Νι
303 1142 355 1193 Est
365 1149 457 1195 autem
468 1144 619 1195 maritimis
631 1143 746 1194 urbibus
758 1141 841 1193 etiam
852 1139 999 1207 quaedam

112 1239 120 1246 ›
183 1211 344 1280 corruptela
360 1227 393 1263 ac
406 1212 560 1265 demutatio
574 1227 697 1265 morum:
718 1211 910 1263 admiscentur
920 1211 996 1263 enin

182 1283 262 1334 novis
275 1281 449 1333 sermonibus
459 1298 493 1333 ac
505 1282 672 1349 disciplinis,
692 1288 721 1334 et
732 1282 925 1349 importantur
939 1296 999 1346 uon

181 1367 289 1404 merces
300 1351 390 1401 solum
402 1350 582 1413 adventitiae,
595 1351 644 1403 scd
660 1351 745 1404 etiam
755 1349 862 1412 mores,
884 1357 916 1401 ut
927 1348 1000 1403 nihil

181 1422 273 1488 possit
290 1421 318 1470 iu
335 1421 437 1487 patriis
458 1420 597 1473 institutis
611 1436 723 1473 manere
745 1421 898 1488 integrum.
937 1421 1000 1472 lan

182 1489 230 1558 qui
241 1489 367 1541 incolunt
378 1506 426 1542 eas
436 1490 532 1554 urbes,
552 1507 607 1544 non
621 1489 737 1544 haerent
751 1491 780 1543 in
794 1489 999 1556 suissedibus,

182 1560 232 1612 sed
242 1560 351 1611 volucri
362 1575 472 1626 semper
482 1576 531 1626 spe
540 1568 569 1613 et
579 1562 752 1629 cogitatione
763 1562 913 1628 rapiuntur
922 1578 943 1615 a
951 1561 1000 1615 tle·
1038 1542 1039 1593 l

181 1644 228 1681 mo
240 1629 367 1696 longius:
388 1635 473 1696 atque
484 1630 567 1682 etiam
579 1644 661 1698 quum
672 1639 784 1683 manent
795 1646 928 1698 corpore,
940 1632 1000 1685 aul·

181 1713 228 1753 mo
239 1703 332 1749 tamen
345 1706 496 1750 excurrunt
507 1706 536 1751 et
546 1707 702 1768 vagantum
730 1700 867 1755 Necrero
878 1702 1001 1754 ullares
1038 1732 1039 1761 ;

181 1768 271 1833 magis
292 1767 490 1819 labefactatam
511 1769 561 1820 diu
581 1780 610 1822 et
630 1764 829 1838 Carthaginem
846 1778 878 1822 ct
900 1772 1001 1824 Corin·

181 1834 259 1888 thum
271 1838 406 1901 pervertit
418 1837 577 1904 aliquando,
595 1855 676 1906 ‹puam
686 1839 732 1891 hic
741 1855 820 1892 error
830 1856 866 1891 ac
877 1841 1001 1908 dissipa·

181 1905 223 1956 tio
235 1906 346 1968 civium,
359 1907 433 1974 quod
444 1909 585 1960 mercandi
596 1909 750 1974 cupiditate
762 1916 789 1961 et
801 1910 963 1979 navigandi
973 1920 1002 1963 et
1038 1948 1039 1951 =

182 1988 315 2041 agrorum
336 1984 364 2027 et
384 1991 524 2034 armorum
550 1978 655 2028 cultum
677 1980 858 2045 reliquerant.
902 1980 1002 2033 Multa

182 2045 269 2096 etiam
282 2044 317 2095 ad
337 2044 479 2096 luxuriam
499 2046 683 2101 inritamenta
697 2049 860 2115 perniciosa
871 2049 1002 2102 civitati·

80 2132 83 2135 ·
181 2114 234 2166 bus
245 2113 458 2179 suppeditantur
468 2116 553 2178 muri,
574 2132 643 2185 quae
655 2118 700 2169 rel
717 2118 868 2183 capiuntur
882 2119 932 2170 rel
948 2122 1002 2172 im·
1038 2166 1039 2171 ,

183 2190 343 2250 portantur:
369 2191 452 2249 atque
470 2183 556 2237 babet
578 2186 663 2238 etiam
684 2186 840 2238 amoenitas
863 2188 934 2255 ipsa
955 2191 1003 2243 rel

183 2256 360 2318 sumptuosas
374 2253 418 2304 rel
435 2252 591 2306 desidiosas
606 2255 754 2307 illecebras
770 2256 876 2309 multas
888 2259 1005 2325 cupidi·

181 2325 282 2371 tatum.
317 2322 355 2399 EJt
369 2322 443 2388 quod
462 2323 496 2376 de
508 2325 642 2376 Corintho
654 2322 726 2388 dixi,
746 2324 776 2374 id
793 2324 870 2377 baud
887 2328 953 2380 seio
966 2345 1004 2381 an

181 2386 269 2441 liceat
285 2388 320 2441 de
337 2397 437 2442 cuncta
448 2392 566 2444 Graecia
580 2395 722 2446 verissime
739 2394 840 2447 (licere.
879 2396 962 2449 Nam
973 2404 1003 2451 ά

149 2518 152 2522 ,
179 2456 243 2520 ipsa
250 2458 463 2524 ‘Peloponnesus
474 2461 534 2514 fere
544 2469 607 2516 tota
616 2465 645 2514 in
654 2466 724 2516 rusori
737 2468 793 2528 est;
812 2480 867 2516 nec
878 2474 1003 2533 praeter
1038 2480 1039 2505 ¹

179 2520 338 2576 Phliuntios
346 2528 397 2578 ulli
407 2537 480 2594 sunt,
491 2548 607 2599 quorum
619 2535 681 2601 agri
692 2549 746 2599 non
757 2534 930 2602 contingant
941 2551 1002 2589 me·

178 2604 223 2643 re:
240 2599 268 2645 et
279 2602 359 2646 extra
371 2595 594 2665 Peloponnesum
606 2604 744 2656 Aenianes
754 2608 783 2655 et
794 2603 884 2655 Doris
897 2613 929 2657 ot
939 2606 1002 2659 Do·

179 2659 259 2729 iopes
268 2663 326 2716 soli
336 2665 436 2721 absunt
447 2670 554 2727 emam.
590 2672 664 2740 Quid
675 2672 765 2729 dicam
779 2673 894 2728 insulas
903 2674 1002 2733 Gree-
