2084 3025
230 126 312 180 urs.
329 93 368 182 ir.
397 129 490 200 cir.
508 129 664 186 sosine.
811 132 848 188 et

48 229 537 297 quoesltaeautrsdioibusnterrn,
558 240 607 286 sut
618 234 753 302 stirpibus
765 236 849 288 conti·
919 283 925 288 .

48 305 184 350 serentur.
223 300 299 361 Quae
319 302 429 367 quidem
440 305 535 354 omnia
544 319 604 354 oum
617 304 670 354 vim
681 303 792 355 seminis
803 302 850 357 hs·

47 367 148 419 bertin
159 384 199 430 se,
218 375 251 420 nt
263 384 298 421 ex
308 372 455 438 unopiura
464 379 642 439 generentur:
663 371 746 439 idque
756 388 851 425 semen

47 436 184 487 inclusum
196 443 240 487 est
251 438 279 488 in
289 439 387 490 intima
398 447 478 506 parte
488 456 582 492 earum
598 441 757 504 baccarum,
779 456 851 508 quos

49 518 82 555 ex
101 520 211 571 qunque
232 508 321 573 stirpe
339 508 504 561 funduntur:
530 510 681 578 iisdemque
700 510 850 563 seminibus

50 579 75 624 et
84 570 213 625 homines
225 575 333 627 affatim
343 585 504 641 vescuntur,
524 586 552 630 et
568 586 659 631 terroe
670 578 793 632 eiusdem
805 593 850 645 gs·

50 641 118 692 neris
134 643 265 708 stirpium
284 648 465 699 renovatione
480 649 661 713 complentur.
699 645 756 699 12&
775 646 851 711 Quid

50 709 159 776 loquar,
179 718 283 777 quante
293 714 366 766 ratio
378 716 406 766 in
417 716 514 767 bestiis
526 716 560 767 ed
572 724 732 783 perpetuom
742 730 851 768 conser-

50 779 187 831 vationem
209 783 321 847 generis
343 799 438 835 earum
460 784 611 852 apparenti
640 788 711 841 Nem
732 785 850 850 primum

52 846 121 900 eliae
130 861 236 912 mares,
259 851 550 906 aliaefeminnesunt:
572 854 644 921 quod
656 849 851 922 perpetuitatis

52 930 145 968 mussa
160 907 320 971 machinata
335 928 434 973 natura
444 929 495 973 est.
532 921 639 975 Deinde
651 929 745 989 partes
756 935 852 987 eorpo-

51 985 87 1041 ris
101 993 129 1039 et
139 986 177 1037 ad
193 989 409 1053 procreandum,
429 991 504 1043 etad
518 991 729 1055 concipiendum
743 987 853 1057 aptissi-

51 1068 122 1109 mae:
142 1057 209 1107 etin
220 1073 296 1110 mare
313 1065 341 1112 et
355 1059 384 1109 in
400 1058 504 1112 femina
516 1058 781 1112 commiscendorum
791 1072 853 1110 eor·
895 1058 904 1074 ‘

52 1135 146 1189 porum
161 1126 250 1178 mnae
264 1126 402 1180 libidines.
439 1127 530 1190 Quum
540 1133 632 1179 nutem
643 1128 670 1179 in
680 1128 749 1181 locis
758 1142 853 1179 semen

50 1192 161 1256 insedit,
181 1195 257 1261 rapit
272 1211 379 1248 omnem
390 1197 450 1249 fere
469 1198 559 1248 cibum
570 1196 607 1249 ed
617 1211 691 1259 sese,
713 1213 800 1264 eoquo
811 1213 853 1249 se·

52 1266 124 1328 ptum
135 1263 216 1330 ungit
228 1266 342 1316 animal:
358 1266 433 1332 quod
443 1281 527 1334 quum
537 1281 571 1318 ex
581 1272 661 1318 utero
671 1265 795 1332 elapsum
807 1279 853 1316 ex·

52 1330 115 1381 cidit
120 1349 129 1397 3
147 1332 177 1382 in
188 1334 223 1383 iis
236 1335 429 1397 animantibus,
450 1350 520 1402 quae
532 1335 606 1387 lecte
615 1333 741 1397 aluntur,
763 1333 853 1385 omnis

52 1397 106 1452 iere
127 1401 206 1453 cibus
228 1405 347 1455 matrum
361 1403 514 1457 lactescere
530 1403 638 1472 incipit:
658 1418 759 1471 esque,
781 1417 852 1469 queo

52 1469 143 1536 paullo
159 1478 223 1525 sote
239 1482 306 1528 nuta
320 1481 396 1537 sont,
415 1475 473 1527 sine
488 1474 638 1542 magistro,
658 1472 727 1525 duce
741 1477 852 1535 return,

51 1552 182 1592 mammas
203 1549 349 1608 oppetunt,
368 1559 517 1611 earumque
538 1544 668 1596 ubertate
683 1546 852 1593 mturnntur.

51 1608 84 1660 At
103 1624 149 1672 ue,
168 1618 200 1663 ut
210 1612 412 1680 intelligamus,
431 1611 500 1665 nihil
515 1611 614 1663 horum
626 1626 685 1662 esse
697 1608 853 1671 fortuitum,

52 1683 78 1727 et
85 1624 155 1732 inec
165 1681 259 1731 omnia
274 1698 335 1734 esse
346 1696 432 1749 opere
442 1681 577 1749 providae
588 1678 765 1743 sollertisque
776 1683 853 1729 netu·

51 1756 110 1811 rae3
129 1763 202 1816 quae
221 1750 389 1817 multiplices
405 1751 479 1803 fetus
495 1754 657 1818 procreant,
677 1753 709 1798 ot
722 1760 802 1808 sues,
821 1752 852 1799 ut

54 1829 139 1879 cenes,
149 1816 195 1868 his
208 1835 389 1872 mammarum
400 1820 466 1872 datu
477 1828 520 1873 est
531 1816 692 1871 multitudo:
713 1830 782 1897 qu'ss
794 1830 853 1868 ens·

54 1882 110 1935 dem
119 1901 226 1952 paucas
236 1888 338 1942 habent
348 1906 398 1942 ese
408 1890 524 1950 bestiae,
546 1903 615 1956 quen
627 1902 715 1954 psucs
725 1891 853 1952 gsgnunt·

55 1948 107 2008 12⁴³.
125 1957 200 2020 Quid
212 1957 313 2020 dicam,
325 1965 442 2026 quantus
453 1974 531 2010 amor
542 1957 693 2010 bestiarum
704 1955 778 2006 sitin
788 1954 852 2006 edu·

56 2023 142 2077 condis
153 2027 397 2096 custodiendisque
407 2028 450 2090 iis,
457 2044 526 2095 quae
538 2029 760 2093 procreaverunt,
766 2039 852 2090 usque

56 2090 156 2146 meum
166 2096 264 2159 finem,
285 2097 348 2149 dum
364 2097 472 2164 possint
486 2113 517 2149 se
531 2097 595 2164 ipsu
605 2091 772 2153 defendere!
790 2091 853 2144 Etsi

55 2171 150 2276 pisces,
171 2171 204 2216 ut
219 2167 311 2229 siunt,
334 2182 386 2218 orn
399 2182 481 2234 quum
497 2168 665 2232 genuerunt,
684 2162 851 2228 relinquunt.

75 2233 141 2285 neile
158 2233 231 2286 enim
247 2235 300 2287 illa
314 2249 386 2302 equa
402 2242 430 2289 et
444 2236 628 2297 sustinentur,
649 2238 677 2286 et
692 2231 780 2284 ictum
791 2230 851 2283 iun·

58 2294 125 2354 dunt.
161 2301 221 2355 Lll.
240 2305 408 2360 Testudines
424 2311 559 2357 autemst
577 2300 733 2355 crocodilos
748 2301 851 2361 dicunt,

57 2378 131 2431 tuum
141 2370 171 2421 in
182 2378 259 2425 terra
267 2362 378 2440 partein
390 2373 536 2436 ediderint,
547 2373 663 2424 obruere
674 2385 733 2432 ove,
752 2366 851 2420 deinde

56 2434 200 2494 discedere.
236 2444 281 2494 lta
301 2450 330 2496 et
347 2449 499 2495 noscuntur
512 2448 540 2494 et
555 2441 706 2493 educuntur
725 2439 788 2502 ipso
802 2449 852 2500 per

59 2516 118 2559 itae.
152 2510 211 2561 lam
226 2513 348 2579 gallione
365 2528 482 2579 avesque
497 2511 620 2579 reliquae
636 2513 664 2559 et
677 2506 799 2584 quietum
809 2516 853 2552 re·

60 2577 163 2639 quirunt
174 2581 209 2631 ad
220 2582 382 2647 pariendum
393 2582 495 2643 iocum,
502 2586 530 2631 et
542 2578 645 2631 cubilia
655 2575 709 2625 sibi
718 2571 852 2633 nidosque

60 2654 223 2713 construunt,
231 2667 332 2721 eosque
342 2665 424 2720 quem
434 2654 551 2717 possunt
561 2644 725 2766 molliGssime
736 2638 855 2690 subster-

88 2718 264 2773 ciconiii
