2084 3025
204 125 258 183 Μ
439 120 497 176 DE
518 121 573 174 RE
593 118 778 173 PUBLlCd

470 224 513 278 is,
541 225 745 278 Seuerou?
815 278 820 285 ,

204 316 345 381 (Numerus
364 313 500 381 pdst'erior‚
521 312 589 368 binis
610 313 778 361 semicirculis
799 304 1014 379 circumscriptus,

291 395 362 432 notet
373 393 448 446 caput
458 384 591 449 seperatae'
599 382 664 430 'olim
673 379 776 430 somnii
787 377 940 444 editionis.)

257 500 306 553 rx.
325 501 373 564 (i)-
388 460 495 561 Quum
512 498 541 547 en
556 497 679 549 issum
698 497 839 549 venissem
849 494 1016 550 semanim

207 571 368 624 Consuliad
380 576 508 636 quartam
518 568 660 633 legionem
669 567 798 618 tribunus
805 604 814 629 ,
828 573 860 617 ut
872 568 965 627 scitis,
974 564 1014 614 mi·

205 641 304 704 litum3
325 638 395 690 nihil
412 637 483 689 mihi
496 639 590 703 potius
606 638 677 699 fuit,
696 648 778 703 qnam
792 644 826 686 ut
836 637 1013 688 Masinissam

171 768 178 774 ‚
208 711 398 770 omncnirem,
418 710 526 774 Regem·
540 707 663 758 familiae
672 712 787 757 nostrae
798 707 891 757 iustis·
901 708 938 758 de
949 719 1014 756 caus

208 781 250 832 sis
258 780 465 831 amicissimum.
501 777 544 827 mi
559 792 639 843 quem
656 781 686 826 ut
701 777 778 837 reni,
798 777 1013 844 complexusm

209 864 296 902 senex
312 847 530 908 collacrimavit,
550 847 751 915 aliquantoque
765 852 832 912 post
847 843 1011 913 suspexitir
1032 860 1035 959 q

178 966 180 971 .
209 919 318 972 melum
326 924 367 970 et:
380 918 491 977 Grates,
501 916 602 982 inquit,
610 917 662 966 tibi
671 931 733 982 ago,
744 915 926 979 summeSol‚
938 913 1012 966 rubi·

209 1005 263 1056 que
274 988 376 1055 reliqui
386 989 518 1047 Caelites
527 985 600 1052 quod
611 992 683 1048 unte,
695 1000 776 1051 quam
787 999 824 1034 ex
836 982 895 1036 liae
907 986 967 1037 rita
975 982 1012 1033 ui·
1034 981 1036 1087 q

209 1073 275 1127 gro,
299 1057 440 1123 conspicio
455 1056 487 1105 in·
498 1069 562 1106 meo
577 1062 664 1121 regno
676 1062 705 1106 et
720 1052 763 1104 his
778 1054 867 1105 tectis
881 1055 916 1106 P.
927 1057 1011 1107 eone

208 1130 281 1183 lium
291 1126 457 1192 Scipionem,
477 1124 556 1174 cuius
567 1141 620 1191 ego
631 1124 742 1175 nomine
753 1125 817 1189 ipso
828 1140 964 1177 recreor:
979 1125 1012 1172 its

71 1226 76 1231 -
164 1234 167 1239 -
208 1210 358 1263 numquam
370 1210 406 1247 cm
416 1194 508 1245 suune
519 1208 582 1245 meo
593 1193 713 1245 discedit
728 1193 807 1244 iilius
823 1197 935 1260 optimi
945 1201 1012 1261 atqie

208 1269 385 1319 invictissimr
394 1279 450 1314 vim
461 1264 604 1315 memoria.
640 1264 748 1314 Deinde
759 1276 812 1328 ego
829 1263 920 1316 ilium
932 1265 965 1316 de
973 1274 1009 1312 sm

208 1350 305 1403 regno,
320 1335 369 1385 ille
379 1350 422 1385 me
432 1333 468 1384 de
479 1341 575 1384 nostra
585 1348 615 1383 re
628 1332 738 1398 publicu
750 1340 958 1398 percunctatus
967 1338 1008 1384 est:

209 1404 359 1471 multisque
380 1403 474 1454 verbis
491 1403 566 1453 uitro
586 1403 713 1469 citroque
733 1399 852 1466 habitis,
872 1404 928 1456 iiie
948 1400 1009 1455 uobis

175 1492 178 1503 ·
211 1480 388 1542 consumptus
400 1477 443 1525 est
453 1472 524 1525 dies,
722 1484 725 1487 ·
783 1493 785 1496 ·

255 1544 290 1595 X.
303 1545 372 1595 Pos't
383 1547 475 1596 autem
487 1533 566 1609 regio
578 1543 713 1608 apparatu
725 1535 837 1609 accepti
846 1556 1008 1607 „sermnem

210 1616 259 1679 „in
270 1609 386 1670 multum
399 1620 509 1664 nectem
525 1610 728 1678 produximus“
750 1628 835 1680 quum
850 1630 944 1668 senex
956 1609 1009 1664 iiiii

210 1685 267 1735 nisi
278 1682 312 1736 de
318 1677 447 1735 Africano
460 1682 634 1748 loqueretur,
644 1684 791 1749 omniaque
803 1683 867 1735 eius
882 1701 941 1736 non
951 1684 1011 1735 fies

211 1753 320 1814 solum,
349 1752 398 1803 sed
420 1754 505 1803 etium
528 1752 605 1803 dieto
625 1754 807 1805 meminisset.
844 1753 973 1815 Deinde,
988 1757 1011 1801 st

211 1823 333 1874 cubitum
355 1821 549 1884 discessimus,
568 1837 612 1873 me
628 1829 656 1873 et
670 1822 704 1873 de
718 1823 780 1884 via,
796 1827 892 1891 etqui
909 1825 946 1875 ud
956 1820 1014 1873 mul·

209 1900 268 1944 tum
281 1899 390 1945 noctem
401 1883 577 1957 vigilassem,
596 1893 716 1952 arctior,
736 1908 821 1959 quem
837 1894 967 1956 solebat,
979 1907 1015 1942 sn»

209 1977 291 2013 mnus
306 1962 469 2028 complexus
484 1967 537 2030 ost.
573 1960 629 2011 llic
646 1953 713 2030 milii
732 1960 835 2030 (eredo
848 1964 977 2031 equidem
986 1975 1015 2013 ex

209 2028 272 2093 hoc,
285 2032 360 2097 quod
373 2035 482 2082 cramus
493 2025 594 2082 locuti:
616 2030 648 2081 iit
660 2032 734 2082 enim
745 2031 819 2094 iere,
831 2038 864 2085 ut
876 2032 1015 2100 cogitatio·

209 2117 260 2154 nes
271 2112 465 2166 semronesque
476 2095 567 2150 nostri
582 2101 693 2167 parient
704 2100 811 2166 aliquid
828 2103 858 2152 iu
872 2119 972 2154 somno
981 2109 1014 2152 te·

208 2170 246 2234 le,
257 2171 341 2238 quale
352 2168 386 2221 de
397 2170 522 2221 Homero
533 2170 632 2221 scribit
643 2170 758 2231 Ennius,
771 2171 807 2221 de
820 2187 877 2239 quo
891 2173 1015 2225 videlice

209 2241 373 2306 saepissime
383 2239 504 2305 vigilans
514 2232 625 2291 solebat
637 2240 762 2307 cogitare
773 2246 801 2291 et
815 2241 912 2308 loqui)
922 2242 1017 2294 dirim·

118 2343 125 2359 2
207 2323 261 2364 uns
273 2325 303 2360 se
314 2308 437 2359 ostendit
448 2325 482 2359 ee
495 2308 597 2372 soemo,
616 2325 687 2377 quae
696 2310 765 2360 mihi
773 2326 809 2361 ex
820 2312 947 2380 imagine
956 2312 1016 2370 eius,

208 2392 295 2448 quam
307 2394 342 2429 cx
353 2378 424 2444 ipso,
436 2384 498 2429 erat
508 2380 617 2442 noti0r3
630 2395 710 2445 quem
721 2386 753 2429 ut
765 2382 883 2447 agnovi,
894 2381 1015 2449 equidem

209 2445 356 2500 cohorrui:
373 2447 422 2497 sed
433 2447 494 2509 ille,
507 2447 589 2509 Ades,
606 2448 706 2515 inquit,
722 2450 829 2512 animo,
840 2458 870 2502 et
882 2448 1015 2504 omitteti-

209 2532 324 2578 morem,
337 2514 440 2580 Scipio,
450 2524 478 2567 et
489 2533 560 2584 quac
572 2516 672 2580 dicam,
684 2519 765 2572 trade
775 2525 944 2575 memoriae.

255 2585 304 2635 xi.
325 2582 381 2647 (il.)
399 2581 522 2637 Videsne
536 2586 614 2638 illem
633 2590 741 2651 urbem,
760 2604 843 2664 quae,
860 2606 962 2657 parere
976 2601 1014 2655 po·

213 2654 416 2721 quloRomsuo
427 2662 653 2725 cunctamine,
672 2667 791 2713 renovat
804 2661 933 2728 pristino
942 2658 1013 2723 bellu,
