2084 3025
205 181 261 237 sse
388 178 444 229 DE
461 175 632 230 NATURA
649 174 833 228 DEORUM

135 296 141 302 ’
175 271 184 276 ’
206 299 295 356 neque
310 280 340 335 in
355 281 473 343 caussis,
493 281 596 347 siquid
612 286 656 332 est
670 279 799 341 evidens,
821 278 856 331 de
872 295 928 346 quo
939 280 1009 334 inter

207 369 304 408 omnes
325 352 486 411 conveniat,
505 349 697 418 argumentari
715 348 806 400 soleo:
826 351 1010 415 perspicuitas

207 426 280 478 enim
291 422 532 489 argumentatione
544 421 681 472 elevatur:
703 434 762 480 nec,
778 419 802 469 si
811 419 842 469 id
851 418 978 471 facerem
987 421 1012 470 in

207 493 313 545 caussis
328 492 498 552 forensibus,
519 490 595 555 idem
610 488 732 541 facerem
746 490 775 538 in
791 487 843 540 hac
852 489 1012 541 subtilitate

136 569 139 573 ’
207 561 355 616 sermonis.
385 561 441 611 Cur
450 565 613 611 contuerere
625 565 717 610 nutem
725 559 819 610 altero
831 559 926 619 oculo,
939 574 1015 610 caus·

176 695 179 698 ι
207 646 306 684 senon
316 635 404 695 esset3
425 644 511 696 quum
519 629 592 681 idem
604 630 716 681 obtutus
728 634 802 678 esset
812 628 972 690 amborum,
994 632 1017 680 el

207 717 292 769 quum
301 714 395 751 rerum
404 705 514 760 natura,
528 713 610 765 quarn
621 704 651 749 tu
662 697 814 764 sapientem
825 712 887 749 esse
896 697 1016 758 visun

207 771 314 824 lumina
323 769 358 820 ab
370 769 463 819 animo
475 768 511 819 ad
527 768 623 820 oculos
633 767 777 833 perforata
791 780 843 817 nos
853 764 960 819 hahere
973 782 1018 819 vo·

206 841 316 892 luisset.
351 837 409 890 Sed
425 839 560 904 quianon
574 836 747 898 confidebas,
765 843 823 887 turn
842 852 903 888 esse
916 836 946 886 id
957 852 1017 903 per-

206 911 342 978 spicuum,
352 923 435 975 quarn
445 915 477 958 tu
486 908 600 968 velles*;
611 905 862 973 proptereumultis
869 919 1017 972 argumen·

206 979 334 1031 tis'Deos
346 992 407 1029 esse
418 977 519 1028 (locere
529 977 653 1027 voluisti.
679 974 753 1026 Mihi
764 976 838 1026 enirn
847 991 933 1026 unum
944 978 1018 1030 satis

208 1055 282 1110 erat,
304 1047 440 1098 ita'nobis
455 1047 577 1097 nidores
592 1052 704 1096 nostros
720 1044 878 1098 tradidisse.
915 1043 978 1097 Sed
990 1054 1018 1099 tu

208 1117 392 1169 auctoritates
405 1116 569 1177 contemnis,
580 1115 691 1166 ratione
701 1129 817 1182 pugnas.
853 1111 896 1166 10.
912 1113 1019 1168 Patere

183 1232 189 1239 .
206 1188 308 1253 igitur,
325 1185 462 1237 rationem
473 1200 564 1235 meam
580 1200 641 1236 cum
652 1191 701 1235 tua
711 1185 820 1235 ratione
837 1185 1020 1240 contendere.

208 1253 378 1318 Affershaec
387 1253 480 1305 omnia
489 1259 662 1323 argumenta,
685 1269 734 1305 cur
744 1253 791 1304 Dii
802 1253 870 1304 sint:
890 1268 1021 1323 remque,

115 1379 121 1384 ,
208 1342 273 1377 men
288 1325 428 1376 sententia
446 1325 562 1376 minime
577 1323 703 1384 dubiam,
725 1322 947 1390 argumentando
972 1326 1023 1377 du·

132 1430 138 1437 «
208 1394 375 1445 biamfocis.
410 1391 631 1446 Mandavinnim
642 1393 859 1446 memoriaenon
870 1408 1022 1448 numerum

209 1465 313 1527 solum,
334 1462 484 1516 sedetiam
505 1463 631 1517 ordinent
652 1468 877 1534 argumentorum
893 1468 1023 1521 tuorum.

208 1535 332 1588 Primum
342 1533 405 1595 tuit,
416 1549 501 1600 qunns
509 1534 617 1587 caelum
622 1533 851 1600 suspexissemus,
863 1534 960 1585 statim
969 1553 1024 1589 nos

208 1605 374 1673 intelligere,
395 1618 456 1656 esse
467 1603 582 1672 aliquod
591 1618 706 1666 numen,
727 1617 781 1670 quo
794 1601 1024 1671 haecregantur.

209 1677 253 1728 Ex
262 1674 315 1726 hoc
324 1672 397 1725 illud
406 1673 500 1740 etiam,

244 1743 358 1811 &inspice
367 1741 416 1793 loc
430 1742 542 1796 sublime
554 1743 684 1865 οαηᾶἵιι,
702 1757 779 1810 quem
788 1740 918 1809 moneant
929 1749 1025 1800 omn&

640 1829 725 1865 orent.

209 1873 253 1933 11.
264 1879 351 1943 Quasi
362 1893 428 1931 vero
439 1879 585 1947 qnisquam
592 1885 716 1934 nostrum
727 1881 812 1933 istum
817 1880 923 1948 potius,
934 1897 1026 1951 quam

210 1947 411 2017 Capitolinum,
431 1950 526 2002 lovem
540 1951 677 2017 appellet,
697 1957 748 2002 aut
766 1949 1027 2018 hocperspicunm

210 2022 249 2072 sit
263 2024 426 2084 constetque
436 2020 509 2072 inter
519 2034 629 2082 omnes,
645 2037 693 2072 eos
705 2020 867 2081 essenon,
882 2037 954 2088 quos
966 2026 1028 2079 tibi

210 2088 345 2149 Velleius,
366 2089 499 2156 multique
509 2096 669 2156 praeterea,
689 2106 724 2142 ne
736 2091 893 2142 animantes
905 2094 1027 2158 quidem

211 2173 272 2209 asse
292 2158 453 2211 concedant.
489 2159 682 2213 Graveetiam
702 2165 895 2226 argumentum
912 2163 972 2227 tibi
984 2166 1029 2219 vi·

211 2227 339 2287 debatur,
350 2228 530 2295 Quodopinio
537 2228 639 2280 ‹leDiis
645 2229 850 2280 immortalibus
857 2228 887 2281 et
894 2236 1029 2287 omnium

210 2303 293 2359 asset,
304 2301 333 2347 et
341 2297 467 2362 quotidie
478 2304 625 2350 cresceret.
651 2297 749 2351 Placet
758 2298 852 2365 igitur,
867 2305 965 2352 tantas
977 2317 1030 2358 ros

212 2366 343 2432 opinione
358 2366 507 2417 stultorum
526 2367 657 2431 iudicari,
676 2367 756 2420 robis
771 2369 952 2434 pracsertim,
974 2376 1032 2441 qui

211 2436 278 2487 illos
297 2435 409 2485 insanos
428 2436 624 2505 esseydicatisl
660 2435 695 2489 V.
713 2438 749 2488 nt
766 2437 839 2489 enim
852 2451 1033 2504 praesentes

210 2506 330 2556 vidimus
340 2504 425 2564 Deos,
439 2512 471 2555 ut
482 2505 555 2570 apud
566 2504 707 2573 Regillum
717 2502 886 2570 Postumius,
899 2509 930 2559 in
942 2507 1034 2567 Sala·

208 2576 253 2626 ria
263 2573 406 2626 Vatinium
425 2574 521 2624 nescio
538 2574 604 2640 quid
619 2576 703 2626 etium
721 2574 755 2627 de
769 2574 929 2629 Locrorum
946 2584 1037 2648 apud

208 2644 325 2711 Sagram
341 2643 457 2710 praelio.
494 2643 571 2704 Quos
582 2642 670 2710 igitur
685 2650 716 2694 tu
726 2644 906 2711 'ryndaridas
925 2654 1037 2717 appol·

210 2712 297 2777 labes,
312 2713 404 2775 idest,
425 2712 551 2766 homines
563 2710 675 2765 homine
684 2719 775 2778 natos,
791 2719 820 2767 et
830 2728 901 2782 quos
912 2718 1023 2776 Home
