2084 3025
192 150 229 206 24
373 129 872 210 unrmruen'unonuux
982 169 996 186 .

173 311 180 320 ι
246 249 323 303 XXl.·
339 247 382 301 57.
400 252 471 301 Tum
483 251 574 312 Cotta,
592 247 716 311 comiter,
734 256 766 301 ut
776 249 893 312 solebat,
904 249 997 317 Atqui,

193 322 291 388 inquit,
300 317 416 380 ¹Vellei,
432 319 488 369 nisi
497 324 528 369 tu
538 319 644 386 aliquid
655 319 782 381 dixisses,
803 317 873 376 nihil
883 334 950 370 sane
963 331 1003 374 ex.

194 406 240 444 ure
249 388 359 455 quidem
371 387 468 439 audire
482 389 629 454 potuisses.
656 387 728 439 Mihi
739 391 811 440 enim
823 391 879 439 no'n
889 394 948 440 tum
958 387 1000 438 fa·

198 460 251 512 cile
260 459 290 508 in
299 463 417 509 mentem
427 458 523 509 venire
533 457 616 520 solet,
635 453 1001 524 qhnrcvcrumsitaliqoid,

90 543 94 548 ·
198 525 495 597 quamquurefalsum.
531 527 813 594 ldquequumsnepe,
831 534 1001 591 tum,quu1n

198 605 227 649 te
238 596 361 648 audirem
372 596 467 662 paullo
478 602 552 660 ante,
564 597 694 664 contigit.
720 597 813 663 Roges
824 612 877 656 me,
889 594 1001 661 qualem

197 666 320 719 Deorum
336 670 463 716 naturam
479 682 541 717 esse
551 667 654 717 dicam:
674 663 745 716 nihil
760 665 880 716 fortasse
889 677 1016 728 responsu

200 733 290 787 doum.
327 733 461 797 Quaeras,
470 741 601 801 putemne
611 736 696 786 telem
708 751 778 796 esse,
788 734 878 801 qualis
888 731 972 783 modu
985 743 1004 786 ⁸

112 846 118 849 .
198 803 425 869 tesitexposita:
447 802 517 855 nihil
529 805 618 856 dicam
630 802 801 862 mihivrideri
812 804 910 853 minus.
947 799 1004 931 8¹2

942 886 961 920 u

117 907 121 914 ·
199 879 346 940 antequam
357 873 506 941 aggrediar
516 873 552 925 ad
563 890 609 936 ea,
630 889 701 940 quae
711 889 728 924 a
735 881 764 926 te
775 873 917 938 disputata
928 886 942 920 s

200 943 279 994 dete
295 943 357 1009 ipso
373 943 462 1001 dicam
480 944 545 1010 qnid
558 943 683 1007 sentiam,
718 941 762 993 58.
783 941 872 1006 Saepe
883 940 957 1006 enirn
969 938 1005 994 dc

168 1009 173 1014 ’
199 1011 234 1063 L.
245 1013 355 1073 Crasso,
374 1011 514 1063 familiare
525 1011 576 1062 illo
587 1018 646 1073 tuo,
665 1011 764 1072 uideor
775 1007 900 1071 audisse,
918 1009 1005 1074 quum

201 1087 229 1132 tc
243 1077 347 1149 togatis
358 1080 484 1131 omnibus
495 1080 554 1131 sine
571 1079 656 1129 dubio
671 1078 838 1139 anteferret,
861 1084 889 1129 ct
900 1091 1005 1143 paucos

200 1157 293 1201 tecum
304 1149 457 1215 Epicureos
468 1164 484 1199 e
494 1148 615 1200 Graecia
625 1153 808 1213 compararet.
844 1146 909 1207 Sed,
929 1143 1005 1211 qued

201 1219 237 1272 ah
248 1233 282 1270 eo
293 1223 322 1269 te
333 1217 448 1269 mirifice
459 1217 540 1284 diligi
549 1216 749 1283 intelligebam,
757 1216 915 1267 arbitrabar
923 1214 1010 1274 illurn,

200 1294 316 1357 propter
334 1285 558 1338 benevolentiam
572 1286 601 1335 id
616 1286 728 1337 uberius
744 1285 843 1337 dicere.
880 1284 942 1351 Ego
958 1299 1007 1335 au·

201 1361 272 1419 tem,
292 1356 347 1407 etsi
356 1369 455 1406 vereor
465 1354 581 1406 laudare
591 1360 776 1421 praesentem,
791 1353 890 1404 iudico
901 1361 1006 1415 nmen,

167 1489 172 1492 ,
202 1427 237 1485 de
252 1440 282 1477 re
298 1424 416 1477 obscura
430 1429 514 1490 atque
529 1423 694 1475 difficillima
709 1440 727 1476 a
742 1422 884 1475 tedictum
895 1422 1007 1474 essedi-

185 1494 305 1548 lucidc:
325 1509 414 1560 neque
434 1493 582 1553 sententiis
597 1492 687 1544 solum
702 1494 836 1563 copiose,
849 1490 899 1544 'sed
913 1492 1007 1545 verbis

154 1606 157 1613 .
201 1566 288 1619 etiam
300 1564 444 1625 ornatius,
459 1572 548 1630 'quem
563 1562 655 1614 solent
665 1565 761 1616 vestri.
797 1562 840 1615 59.
858 1562 1008 1627 Zenonem,

110 1693 112 1696 Α
202 1637 284 1702 quent
293 1633 374 1685 Philo
390 1638 486 1692 noster
500 1629 687 1699 coryphaeum
703 1631 845 1701 appellare
856 1631 1008 1698 Epicuron·

201 1718 263 1757 rum
274 1702 390 1764 solebat,
400 1717 482 1768 quum
493 1701 609 1753 Athenis
619 1717 717 1764 essem,
726 1701 871 1754 audiebam
880 1699 1009 1767 frequen·

201 1779 260 1835 ter,
275 1779 304 1823 et
314 1771 424 1838 quidem
434 1770 495 1836 ipso
508 1777 623 1822 auctore
632 1770 761 1829 Philone:
781 1769 879 1832 medo,
897 1777 929 1821 ut
940 1768 1009 1820 faci·

202 1841 258 1893 lius
269 1840 430 1900 iudicarem,
447 1852 528 1905 quarn
538 1839 589 1890 illa
598 1839 669 1892 hene
678 1840 880 1901 refellerentur,
894 1853 978 1906 quum
990 1853 1010 1890 n

128 1908 132 1915 ’
202 1909 330 1979 principe
349 1907 549 1974 Epicureorum
570 1911 754 1976 accepissem,
777 1908 1010 1976 quemadmodum

132 2014 134 2017 .
204 1978 370 2030 dicerentur.
399 1974 462 2028 Non
472 1976 561 2057 igitur
569 1979 628 2040 ille,
638 1984 672 2030 ut
680 1979 814 2046 plerique,
823 1977 874 2029 sed
883 1979 1010 2029 istom-

185 2045 249 2108 ,do,
270 2052 300 2098 ut
311 2052 351 2110 tu,
373 2045 520 2110 distincte,
533 2050 667 2114 graviter,
686 2054 792 2101 ornate.
828 2046 884 2099 Sed
895 2047 1011 2112 quodin

203 2112 256 2167 illo
267 2113 336 2167 mihi
345 2131 397 2166 usu
409 2130 493 2182 saepe
503 2118 588 2180 venit,
603 2116 677 2169 idern
688 2116 780 2176 modo,
799 2122 882 2182 quum
891 2122 921 2168 te
930 2114 1012 2167 audi·

205 2198 273 2247 rem,
284 2184 438 2247 accidebat,
448 2191 480 2236 ut
491 2186 609 2238 moleste
619 2184 731 2246 ferrem,
746 2190 855 2237 tantum
866 2186 1012 2251 ingenium

206 2254 297 2317 (hona
311 2254 394 2304 verrin
406 2269 450 2305 mc
467 2255 580 2316 audies)
597 2255 628 2304 in
641 2259 701 2305 tam
717 2254 806 2316 leves,
826 2270 860 2305 nc
874 2254 966 2306 dicam
979 2254 1013 2305 in

205 2327 264 2374 tam
273 2323 392 2389 ineptas,
404 2323 557 2375 sententias
567 2321 706 2375 incidisse.
741 2324 785 2391 (it).
803 2323 863 2375 Nec
875 2339 928 2392 ego
938 2337 1013 2374 nunc

195 2393 266 2460 ‘ipsc
287 2391 393 2458 aliquid
412 2390 526 2453 afferam
546 2390 655 2443 mclius.
690 2391 728 2443 Ut
748 2392 822 2444 enim
840 2393 924 2443 modo
943 2391 1014 2453 oiri,

182 2515 185 2521 ,
203 2458 546 2522 omnibusfereinrchus,
567 2464 597 2511 et
613 2460 774 2512 maximein
785 2460 922 2528 physicis,
944 2460 1015 2527 quid

60 2518 68 2531 ⁵
173 2568 180 2573 -
204 2533 318 2597 nonsit,
331 2532 423 2593 citius,
434 2528 516 2596 quern
526 2526 594 2596 quid
602 2529 650 2593 sit,
661 2529 792 2582 dixerim.
818 2530 906 2583 xxo.
917 2530 1014 2596 Reges

206 2615 259 2666 mc,
270 2603 339 2670 quid
347 2607 396 2654 sut
406 2597 488 2666 quale
498 2596 538 2648 sit
547 2596 638 2661 Deus,
652 2605 768 2651 auctore
779 2605 844 2650 utar
854 2598 1014 2652 Simonide=

205 2670 240 2724 (ιο
254 2687 308 2742 quo
321 2674 407 2741 quum
418 2664 601 2738 quaesivisset
614 2665 752 2724 lociden
763 2675 899 2740 tyrannus
908 2667 1014 2733 Hiero,
