2084 3025
178 79 184 112 ·’
277 99 357 154 um.
374 99 396 154 1.
432 99 559 155 einr.
576 99 602 155 c.
619 100 647 156 s.
828 95 862 152 rs

59 219 114 258 non
122 202 485 274 futilescommcntiticsquc
495 206 659 267 sententias,
669 202 861 270 conopidcess

40 333 43 339 ,
57 276 322 340 aedificatoremque
332 275 437 336 mundi,
447 275 574 328 Platonis
583 276 619 328 de
629 276 746 327 limaeo
757 274 862 324 Doumz

57 360 108 398 uec
116 353 202 396 anum
213 342 365 405 fatidicam,
375 343 534 395 Stoicorum
545 343 679 413 πρόνοιαν,
691 358 773 413 quam
786 343 864 395 Lati·

13 479 14 482 Ἴ
60 429 94 467 ue
112 414 182 465 licet
202 413 405 479 providentiam
422 413 527 466 dicere:
545 428 635 480 neque
649 429 716 465 sero
731 413 865 464 mundum

59 485 159 549 ipsum,
177 482 271 533 animo
283 488 312 534 et
322 483 448 534 sensibus
462 484 627 551 praeditum,
641 482 800 543 rotundum,
817 497 864 532 ro·

57 553 185 613 labilem,
207 551 350 603 ardentem
360 553 464 616 Dcum,
484 559 615 620 portenta
625 559 654 603 et
665 552 799 604 miracula
809 565 866 603 non

61 620 256 673 disserentium
266 618 504 688 philosophorum,
520 622 569 674 sed
580 622 785 673 somniantium.
823 617 865 671 19.

61 692 165 752 Quibus
176 691 250 743 enim
262 691 349 741 oculis
362 692 450 742 animi
460 692 564 742 intueri
575 692 669 759 potuit
680 697 773 743 vester
783 688 865 740 Plato

63 759 193 811 lubricam
205 760 285 811 illam
294 761 368 811 tanti
378 760 479 827 operis,
490 776 545 827 qua
556 762 679 813 construi
690 760 774 813 aDeo
782 767 866 826 atque

65 828 203 881 aedificari
215 829 347 880 mundum
359 827 445 881 faciti
464 830 543 891 Quae
553 829 679 881 molitiol
697 845 768 897 quac
779 828 866 880 ferra·

61 898 169 951 menta}
197 899 248 965 qui
268 898 378 950 scctcsi
401 914 471 967 quac
492 898 654 951 machinae!
679 899 726 966 qui
745 896 867 949 ministri

56 969 132 1020 tanti
142 969 267 1019 muneris
279 967 407 1020 iuemmti
443 968 684 1030 Quemadmodum
699 973 791 1019 autern
803 967 867 1018 oba·

61 1037 123 1089 dire
133 1044 163 1088 et
174 1052 274 1103 parere
284 1037 424 1089 voluntati
436 1036 583 1090 architecti
597 1042 658 1100 air,
676 1037 763 1105 ignis,
785 1051 867 1156 aqua,

60 1113 138 1176 terra
147 1106 315 1174 potuerunti
342 1107 423 1160 Unde
433 1123 499 1159 reru
512 1115 592 1160 ortae
601 1108 669 1158 illac
681 1107 800 1174 quinque
825 1120 868 1157 or·

60 1191 132 1238 mac,
148 1176 293 1241 exquibus
306 1175 416 1242 reliqua
426 1176 597 1241 formantur,
618 1183 682 1244 apto
692 1176 822 1227 cadentes
833 1173 868 1227 cd

13 1251 14 1258 ’
59 1247 184 1297 ωιίιῐιιιιη
196 1244 369 1311 efficiendum
384 1247 587 1315 pariendosque
598 1246 711 1298 seusus!
740 1245 867 1312 Longum

59 1322 115 1378 cst,
132 1313 170 1366 ad
193 1315 309 1366 omnia
330 1317 411 1378 Quae
423 1316 494 1368 talia
512 1323 587 1379 sunt,
606 1323 637 1367 ut
656 1321 754 1383 optata
769 1314 869 1381 magis,

60 1385 435 1452 quaminvcutavidcantur.
471 1386 514 1439 20.
534 1385 589 1438 Sed
605 1385 655 1437 illa
666 1384 799 1452 palmaris
810 1384 869 1452 qui·

60 1454 133 1516 dem,
148 1453 233 1522 quod,
244 1454 355 1522 quinon
366 1454 449 1505 modo
460 1461 555 1506 natum
566 1455 696 1506 mundum
707 1452 869 1504 introduxe-

59 1526 107 1587 rit,
118 1525 169 1576 sed
181 1525 267 1575 ctiam
278 1538 361 1576 manu
371 1540 459 1590 paene
470 1524 586 1587 laetum,
606 1529 629 1576 is
640 1540 702 1577 eum
715 1523 817 1574 dixerit
826 1521 867 1574 io·

60 1607 92 1646 rc
103 1594 312 1659 sempiternum.
347 1595 429 1645 Hunc
440 1610 536 1648 censes
547 1594 653 1660 primis,
664 1599 697 1644 ut
708 1593 817 1653 dicitur,
828 1591 868 1643 la·

13 1696 14 1727 2
62 1663 119 1715 bris
131 1668 261 1730 gustasse
271 1661 487 1731 physiologiam,
507 1665 555 1732 qui
567 1663 726 1730 quidquam,
743 1660 869 1729 quodos·

60 1739 122 1784 tum
133 1732 185 1794 sit,
201 1737 282 1797 putet
292 1740 435 1785 aeternum
446 1749 507 1785 esse
517 1732 617 1799 posse!
653 1731 731 1793 Quae
742 1738 785 1783 est
796 1731 868 1786 enim

61 1801 271 1868 coagmentatio
287 1816 342 1853 non
356 1802 547 1855 dissolubilis!
565 1808 615 1854 aut
629 1802 696 1869 quid
712 1809 769 1865 est,
790 1802 869 1855 cuim

60 1870 230 1937 principium
244 1870 358 1938 aliquod
367 1873 413 1934 sit,
422 1871 492 1923 nihil
503 1873 542 1923 sit
551 1873 722 1925 extremumi
741 1871 871 1925 Pronoea

60 1955 129 1991 vcro
140 1941 166 1989 si
176 1945 272 1991 vestra
283 1946 334 2004 cst,
341 1940 446 2004 Lucili,
455 1940 569 2006 cadcm3
579 1944 699 2009 requiro,
710 1957 781 2010 quae
792 1938 872 2007 paul·

61 2007 89 2060 lo
101 2015 184 2070 aute,
204 2008 361 2073 ministros,
380 2010 532 2074 machinas,
553 2026 663 2064 omnem
678 2012 766 2063 totius
778 2009 870 2077 operis

62 2077 287 2146 designationem
309 2087 393 2146 atque
412 2086 598 2150 apparatumz'
616 2082 659 2132 sin
675 2082 801 2142 aliaest,
824 2090 873 2129 uir

62 2148 214 2199 mortalem
229 2147 328 2199 feccmt
338 2149 482 2212 mundum,
503 2165 558 2201 non
570 2149 799 2218 quemadmodum
810 2147 873 2199 Pla·

61 2216 174 2268 ionicus
186 2216 272 2279 Deus,
285 2218 493 2284 sempiternum.
528 2220 576 2272 lX.
591 2218 635 2272 21.
645 2220 686 2272 Ab
696 2225 815 2288 utroque
827 2232 873 2267 uu·

60 2291 120 2338 tem
131 2286 275 2349 sciscitor,
292 2301 341 2338 cur
352 2287 448 2338 mundi
458 2287 654 2340 aedificatores
664 2295 778 2356 reponte
790 2286 874 2338 exsti·

59 2356 165 2420 terint3
181 2357 399 2407 innumerabilia
409 2357 521 2409 saecula
534 2358 705 2408 dormierint.
724 2357 787 2410 Non
799 2356 871 2405 enim

58 2426 85 2477 si
96 2425 221 2479 muudus
231 2424 325 2475 nuilus
338 2433 413 2487 erat,
432 2427 545 2478 saecula
559 2442 614 2476 non
630 2430 718 2478 erant.
755 2420 874 2474 Saecula

56 2508 135 2545 nunc
145 2493 221 2554 dico,
240 2509 296 2544 non
308 2511 350 2555 ea,
369 2500 440 2563 quac
451 2496 557 2546 dicrum
569 2494 748 2557 noctiumque
759 2502 873 2539 numero

57 2562 165 2616 annuis
183 2563 308 2616 cursibus
324 2565 516 2616 coniiciuntur.
552 2563 625 2615 Nam
643 2561 743 2619 fateor,
764 2573 799 2608 ca
813 2556 874 2604 sinc

57 2632 162 2685 mundi
173 2637 358 2687 conversione
368 2632 441 2690 effici
452 2646 507 2685 non
517 2632 651 2698 potuisse.
663 2626 718 2679 Scd
729 2625 783 2675 luit
793 2637 874 2687 quao-
