2084 3025
172 143 662 213 ocrmrcrrmcieamu.
784 145 819 201 at
894 110 899 121 ’

10 255 83 317 tias,
105 266 143 303 ne
155 266 268 303 necesse
277 251 315 319 eit
325 266 410 302 unum
425 250 578 303 sollicitum
588 266 649 304 eme
665 266 714 318 pro
732 251 819 319 pluri·

10 325 73 376 bus':
97 321 169 373 satis
180 337 319 388 superque
329 336 391 373 esse
400 337 513 373 suarum
525 320 624 391 cuique
633 336 735 384 rerum,
751 321 819 374 alie·

10 395 50 444 nis
62 388 150 447 nimis
159 390 301 458 implicari
311 392 461 443 molestum
472 407 547 444 esse:
565 390 819 449 commodissimum

10 476 85 523 asse,
115 475 201 526 quam
221 461 378 513 laxissimas
397 459 519 513 habenas
541 459 643 514 habere
664 461 820 523 amicitiam

10 548 80 599 quas
92 530 141 580 vel
151 528 280 593 adducas,
301 531 478 597 quumrelis,
493 530 539 583 vel
556 532 694 583 remittas.
730 532 769 582 Ca
789 538 822 581 ut

10 603 84 654 enim
98 614 161 650 esse
172 598 209 649 ad
227 598 310 651 beate
325 600 471 651 vivendum
482 600 674 665 securitatem
694 613 749 666 qua
763 547 822 651 iprui

10 687 63 722 oon
80 667 176 735 possit
185 668 299 719 animus
305 703 313 732 ,
333 669 359 719 si
373 674 515 737 tamquam
530 670 670 738 parturiat
685 684 757 720 unus
768 683 821 735 pro

10 739 152 808 pluribus.
187 737 231 808 lii.
249 738 327 789 Alios
338 745 430 791 autem
442 739 535 792 dicere
547 739 626 791 aiunt
636 739 725 791 multo
737 739 823 790 etiam

10 807 204 870 inhumanius,
221 811 313 874 (quem
325 808 417 859 locum
428 808 551 861 breviter
561 807 714 875 perstrinxi
724 807 821 875 paullo
896 848 900 853 ,

10 881 109 940 antes)
131 877 268 944 praesidii
282 877 492 944 adiumentique
504 892 615 940 caussa,
634 894 690 930 non
703 878 822 930 benevo-

10 948 119 1001 lentiae
140 962 228 1013 neque
250 947 393 1010 caritatis,
415 947 555 999 amicitias
569 946 822 1019 csseexpetendas.

10 1022 112 1086 ltaque
123 1022 156 1066 ut
168 1017 285 1085 quisque
299 1018 444 1069 minimum
454 1017 608 1076 ¹,firmitatis
623 1017 727 1070 habeat
742 1016 824 1068 mini·

10 1102 145 1152 munique
154 1086 266 1148 virium,
281 1086 324 1138 ita
335 1087 475 1143 amicitias
486 1094 620 1155 appetere
630 1087 760 1141 maxime.
778 1086 823 1139 Ex

10 1175 39 1213 so
51 1157 131 1218 lieri,
147 1161 178 1206 ut
188 1157 368 1210 mulierculae
380 1157 469 1229 magis
481 1158 668 1209 amicitiarum
680 1156 823 1224 praesidia

10 1231 161 1297 luaerant,
171 1238 253 1292 quam
264 1226 328 1277 riri:
339 1234 367 1280 et
377 1228 483 1293 inopes,
493 1243 574 1294 quam
587 1242 603 1278 ο
624 1227 724 1279 olenti:
736 1232 765 1277 et
777 1240 823 1278 ca·

10 1295 159 1357 ,amitosi‚
186 1310 267 1362 quam
287 1296 374 1351 beati.
409 1296 456 1349 47.
479 1298 502 1348 0
522 1243 696 1363 praeclaram
716 1294 823 1361 sapicu⁴

10 1366 95 1421 ziam!
125 1364 221 1431 Solem
242 1366 315 1418 euim
330 1382 347 1419 e
362 1366 466 1417 mundo
488 1367 590 1418 tollere
609 1366 753 1427 videntur,
775 1363 824 1430 qui

10 1435 171 1492 imicitiam
186 1450 201 1487 e
215 1436 276 1488 vita
290 1436 406 1488 tollunt:
430 1448 487 1502 qua
506 1450 524 1487 a
537 1435 600 1486 Diis
619 1433 825 1530 »immortalibus

9 1507 82 1562 rihil
104 1505 209 1557 arelius
228 1501 377 1570 habemus,
397 1504 467 1558 nihil
486 1505 668 1564 iucundius.
681 1503 759 1566 Quae
780 1508 825 1554 est

10 1580 86 1634 enim
101 1577 161 1627 ista
171 1576 325 1628 securitasl
353 1576 452 1643 Specie
462 1576 583 1645 quidem,
598 1569 711 1635 blanda,
721 1572 771 1625 sed
781 1587 824 1623 re·

10 1664 78 1718 ipse
93 1644 192 1699 multis
206 1646 276 1697 locis
291 1646 473 1713 repudianda.
509 1646 607 1714 Neque
618 1643 694 1697 enim
706 1650 749 1696 est
760 1656 825 1693 con·

10 1722 188 1779 ientaneum,
202 1715 289 1767 ullam
300 1714 446 1769 honestam
455 1731 513 1768 rem
523 1716 706 1776 actionemve,
724 1729 759 1765 ne
769 1711 824 1763 sol·

11 1791 110 1844 icitus
122 1785 176 1848 sis,
195 1792 244 1837 aut
257 1791 313 1837 riou
323 1786 463 1854 suscipere
475 1792 525 1838 aut
536 1790 694 1852 susceptam
704 1782 824 1851 depone·
901 1811 903 1822 ·
920 1784 925 1792 '

10 1879 41 1915 e,
66 1854 194 1918 Quodsi
205 1870 299 1907 curam
310 1855 440 1925 fugimus,
453 1854 742 1924 virtesiugiendaest3
753 1867 824 1921 quaa

10 1941 129 1985 recessa
142 1929 185 1976 est
195 1941 256 1977 cum
269 1926 362 1993 aliqua
372 1927 438 1977 c'ura
448 1941 493 1977 ros
503 1926 558 1977 sibi
570 1923 726 1980 contrarias
732 1937 825 1991 asper·

10 2007 95 2054 retur
107 1994 313 2064 atquexotlerit3
333 2001 365 2046 ut
375 1995 487 2047 bonitas
497 1995 647 2057 malitiam,
668 2001 825 2062 temperan-

10 2073 44 2123 ia
56 2065 224 2127 libidinem,
234 2064 373 2133 ignauiam
384 2063 533 2118 fortitudo.
567 2065 665 2130 ltaque
676 2064 771 2116 rideas
780 2078 823 2115 re·

10 2156 55 2191 »us
68 2134 194 2188 iniustis
205 2135 295 2186 iustos
305 2136 426 2190 maxime
437 2134 541 2197 dolere,
555 2134 714 2187 imbellibus
724 2132 835 2194 fortes„

10 2205 167 2277 lagitiosis
182 2203 334 2259 modestos.
370 2205 446 2272 Ergo
458 2204 512 2257 hoc
527 2204 670 2272 proprium
681 2210 724 2255 est
736 2201 824 2255 animi

10 2294 78 2333 ene
94 2275 254 2336 constituti,
269 2279 297 2327 et
307 2273 409 2328 laetari
418 2274 499 2327 bonis
510 2274 602 2337 rebus,
613 2280 643 2327 et
653 2273 748 2325 dolere
760 2286 823 2323 con-

10 2347 120 2403 rariis.
158 2343 202 2395 48.
219 2344 404 2406 Quamobrem
416 2345 440 2396 si
452 2344 567 2398 caditiu
577 2343 728 2410 sapientcm
738 2340 824 2391 animi
863 2397 870 2406 K

10 2420 110 2479 {olor3
133 2414 183 2480 qui
195 2414 321 2481 profecto
331 2414 418 2477 cadit,
436 2414 490 2467 nisi
502 2430 537 2467 ex
548 2416 608 2467 eius
619 2413 711 2484 auimo
723 2408 823 2462 exstir-

10 2496 112 2541 ›atam
122 2482 326 2538 humanitatem
337 2480 762 2554 arbitramur:'quaecaussaests
773 2490 823 2528 1111·

10 2553 171 2614 ‚micitiam
186 2552 314 2607 funditus
327 2555 460 2607 tollamus
471 2554 569 2620 evita,
588 2568 623 2603 oc
637 2551 746 2616 aliquas
760 2561 823 2613 pro·
877 2543 882 2560 '

10 2638 70 2683 iter
89 2637 158 2675 eam
173 2625 358 2691 suscipiamus
374 2624 542 2690 molestiasl
570 2619 644 2684 Quid
655 2620 728 2672 enim
738 2616 825 2667 inter·

10 2707 55 2764 st,
79 2700 170 2751 motu
181 2694 266 2748 arimii
276 2693 398 2759 sublato,
418 2695 473 2746 nori
484 2693 547 2746 dico
559 2693 633 2809 i3t2er
642 2681 783 2742 hominem
794 2689 824 2734 et
