2084 3025
278 153 358 208 Lm.
376 154 399 209 1.
434 154 518 211 O‘AP.
538 153 579 212 13.
598 154 641 212 14.
806 156 860 215 313

28 265 158 318 turum,
181 260 214 308 at
224 271 287 308 cam
301 263 476 312 necaturum:
498 257 617 313 tonatur
630 266 658 314 at
669 248 699 313 ὑ.
710 257 859 314 Fabricius

28 325 204 396 perfugam
218 323 326 394 Pyrrho
348 327 434 380 dedit.
468 329 512 381 lta
528 345 562 380 na
580 327 668 381 hostis
681 324 807 397 quidem,
830 335 860 382 at

29 395 179 464 potentis
194 400 233 446 et
247 395 351 447 bellurn
367 396 442 448 ultro
456 397 615 460 inferentis,
636 399 779 451 interitum
797 413 858 450 cuns

27 465 156 518 scelere
169 464 363 534 approbarit]
398 462 442 520 41.
458 468 498 521 Ac
513 466 549 520 da
559 467 667 521 bellicis
678 467 787 536 quidem
800 468 860 519 uffi-

28 535 90 587 ciis
103 533 188 585 satis
207 532 311 585 dionunt
322 541 375 588 est.

88 600 318 655 Meminerimus
330 610 437 667 autam,
454 604 539 656 etiam
551 603 684 657 advertus
695 604 805 658 intimos
817 605 858 654 iu·

29 672 158 724 stitiam
171 684 237 722 care
250 671 423 725 servandam.
459 674 511 725 Est
522 681 616 726 autam
627 675 723 725 infima
734 672 858 724 conditio

29 747 63 795 ct
75 741 212 793 fortuna
220 754 373 792 serrorum:
394 741 511 808 quibus,
529 759 584 794 non
596 743 668 795 male
678 740 860 810 praecipiunt,

29 811 87 932 aui
104 809 156 861 ita
173 807 275 860 iubent
289 810 331 860 uti
336 845 345 873 ,
364 816 396 863 ut
407 811 602 875 mercenariis3
626 826 741 878 opcrnrn
753 810 862 878 exigen-

54 895 122 941 am,
136 878 219 928 iusta
229 878 396 944 praebenda
433 879 525 941 Quum
537 886 629 933 autom
642 880 749 932 duobus
761 877 861 940 modii,

32 949 66 1002 id
82 954 147 1010 eat,
160 951 215 997 aut
225 947 253 997 ri
265 952 313 999 aut
325 947 424 1002 frauda
436 950 487 1003 dat
497 950 612 1001 iniuria:
625 947 703 1002 fraus
714 948 794 1016 quari
803 946 862 997 rul-

33 1016 186 1086 peeulae,
210 1015 252 1067 ris
266 1016 355 1069 lconis
369 1016 492 1072 ridetur:
503 1025 660 1085 ,utrumque
672 1017 782 1070 homine
794 1014 863 1070 alio·

33 1086 217 1149 pissimum:
239 1084 289 1138 sed
298 1084 376 1138 fraus
386 1088 453 1138 odio
465 1087 551 1155 digna
562 1089 676 1141 nlaiore.
700 1088 803 1139 Totius
815 1098 861 1136 au·

33 1162 102 1210 tom
114 1152 285 1206 inissetitiaa
295 1156 373 1208 nulia
382 1157 532 1224 capitalior
543 1165 595 1220 cat,
605 1172 686 1225 quam
698 1170 804 1219 eorum,
813 1151 861 1222 qui

34 1239 135 1292 quum
149 1223 276 1275 maximo
287 1223 397 1287 faliunt,
418 1225 476 1276 ida
498 1230 555 1288 unt,
569 1233 601 1277 ut
611 1227 665 1280 riri
675 1226 743 1279 boni
752 1241 814 1279 esse
824 1222 864 1275 ri·

36 1295 185 1347 deantur.
222 1291 266 1343 De
275 1292 384 1344 iustitia
395 1294 463 1347 satis
475 1240 580 1346 dictum
592 1301 644 1347 oct.

95 1358 186 1414 xlv.
205 1360 250 1416 42
259 1359 410 1429 Deinceps,
427 1368 460 1415 ut
471 1369 532 1415 erat
542 1362 729 1431 propositum,
744 1360 779 1413 dc
790 1360 864 1413 irno-

28 1428 182 1504 fics’erstia
197 1442 231 1480 ao
242 1428 276 1481 de
286 1430 453 1485 iiberalitate
467 1431 589 1484 dicatur:
610 1447 664 1499 qua
671 1429 784 1551 guidem
794 1426 863 1481 nihii

37 1508 89 1556 est
100 1506 232 1553 naturae
242 1496 617 1556 hominisaooomrnodatius.
633 1499 669 1553 Se
699 1498 783 1552 habet
794 1496 863 1548 mul·

38 1579 90 1624 tas
104 1569 270 1621 cautiones.
298 1569 455 1626 Videndum
468 1576 511 1622 ost
521 1570 594 1624 enirn
605 1570 731 1638 primum,
743 1582 778 1619 nc
789 1564 863 1618 obsit

37 1639 222 1709 benignitas
231 1638 303 1690 otiis
311 1638 389 1706 ipsis,
400 1640 500 1706 quibus
510 1640 630 1707 benigna
640 1637 781 1689 ridebitur
792 1634 863 1697 tori

38 1718 73 1764 et
87 1707 220 1761 ceteris:
236 1706 346 1770 deinde,
360 1723 395 1760 ne
405 1709 496 1761 maior
504 1707 663 1778 benignitas
673 1706 718 1769 sit,
730 1719 812 1773 quam
822 1701 864 1754 ia·

40 1779 195 1832 ciuitates:
206 1781 274 1838 tum,
285 1777 318 1827 ut
327 1791 378 1843 pro
390 1778 525 1845 dignitate
536 1779 635 1847 cuique
647 1776 795 1828 tribuatur.
830 1770 862 1824 ld

40 1848 127 1902 enirn
139 1851 187 1896 cst
197 1844 326 1898 iustitiae
338 1845 557 1910 tundamentum,
578 1847 614 1898 ad
625 1860 708 1913 quani
719 1841 809 1913 [hacc]
819 1855 862 1894 ro·
940 1843 948 1858 ¹

39 1914 177 1969 ferenda
192 1919 258 1964 aunt
273 1915 374 1967 omnia
409 1915 482 1967 Noni
497 1923 526 1966 ct
542 1917 590 1982 qui
599 1915 794 1984 gratificantur
804 1910 861 1964 oui·

39 1987 143 2056 pians,
164 1981 244 2049 quod
259 1983 404 2046 obritilii,
423 1984 692 2052 ouiprodoaserella
705 1982 861 2044 rideantur,
888 2044 893 2050 ‚

42 2071 107 2107 non
117 2051 245 2105 benefici
255 2066 343 2119 neque
355 2052 487 2105 liberales
492 2089 500 2116 ,
521 2053 571 2105 aod
582 2053 731 2121 perniciosi
739 2062 863 2103 assenta-

39 2131 132 2177 tores
142 2119 292 2171 iudicandi
303 2128 378 2173 sunt:
398 2129 426 2175 ct
437 2122 485 2189 qui
495 2123 558 2174 aliis
573 2128 686 2184 nocent,
705 2121 779 2173 utin
789 2119 862 2172 aliut

41 2190 193 2246 liberales
204 2189 270 2252 sint,
284 2190 313 2241 in
324 2190 421 2243 eadem
432 2197 496 2243 suut
505 2191 652 2253 iniustitia,
666 2197 698 2243 ut
708 2191 734 2242 ai
745 2189 771 2256 in
783 2201 860 2241 susm

4 2315 18 2322 ,
39 2277 108 2315 rem
122 2258 223 2310 aliena
234 2266 405 2313 convertant.
427 2260 471 2313 ti.
482 2259 552 2312 Sunt
563 2266 655 2314 autern
665 2259 754 2324 multi,
766 2263 794 2310 et
805 2255 862 2324 qui·

42 2331 117 2385 dem
129 2327 231 2394 cupidi
244 2319 402 2395 splendoris
411 2334 442 2381 'et
452 2329 574 2397 gloriae,
596 2330 643 2397 qui
654 2329 777 2395 eripiunt
789 2324 862 2384 ultis,

39 2398 125 2469 quod
139 2396 390 2466 aliislargiantur:
409 2393 864 2464 hiqucarbitranturscbanofloot

38 2471 74 2525 in
87 2483 162 2522 suos
175 2466 284 2518 arsinoa
293 2465 383 2516 risum
393 2467 440 2528 iri,
456 2468 481 2516 si
491 2465 663 2531 locupletant
674 2478 722 2515 eos
734 2471 862 2529 quacum·

39 2554 102 2610 que
115 2536 243 2588 ratione.
278 2532 310 2585 ld
322 2540 413 2587 autem
424 2541 533 2586 tantum
544 2536 624 2587 abest
633 2531 736 2589 officio,
749 2533 782 2576 ut
790 2522 862 2574 nihil

40 2607 146 2675 magis
159 2601 257 2655 officio
267 2603 361 2668 poasit
372 2619 432 2656 esse
442 2603 622 2654 contrarium.
650 2593 809 2649 Videndum
821 2594 863 2670 ost

42 2678 156 2745 igitur,
170 2678 205 2725 ut
213 2687 249 2725 ca
257 2669 430 2726 liberalitate
439 2677 562 2734 utamur,
578 2683 649 2737 quae
659 2656 865 2734 prodit-mitur
