2084 3025
187 160 241 214 240
268 177 271 178 ⁷
304 150 308 154 ’
421 151 480 205 DE
498 152 553 205 RE
570 150 754 207 Poenica
824 159 832 166 “

122 247 132 258 ”
188 261 320 313 derentur
331 263 414 327 atquc
428 257 549 324 imperii.
585 257 708 318 Primum
719 257 793 324 quod
805 262 901 310 esseut
913 258 999 311 urbes

187 329 345 384 maritimae
357 329 412 381 uoti
424 328 515 379 solum
526 327 622 379 multis
635 328 767 394 periculis
779 329 936 394 oppositae,
946 328 999 380 sed

188 400 274 454 etiam
285 399 383 449 caecis.
400 395 471 449 Nam
481 397 558 448 terra
569 399 712 449 continens
722 397 861 449 'adventus
871 396 998 450 bostium

185 482 242 523 non
254 468 337 520 modo
349 473 537 534 exspectatos,
557 468 607 519 sed
618 468 702 519 etiam
713 467 884 535 repentinos,
898 467 998 520 multis

105 593 106 598 ,
185 539 298 592 indiciis
309 543 338 590 et
348 537 428 605 quasi
438 535 552 604 fragore
563 536 683 604 quodam
694 544 722 588 et
733 537 827 587 sonitu
847 536 911 601 ipso
930 543 996 590 anta
1040 603 1041 606 Ἴ

188 606 344 661 denuntiat.
380 606 477 674 Neque
492 621 559 659 rero
577 607 723 674 quisquam
740 613 834 674 potest
845 604 936 656 hostis
948 605 997 657 ad.

162 705 164 710 .
186 679 282 731 volare
301 683 389 740 terra,
410 676 477 743 quia
494 692 557 728 eum
572 692 627 728 non
642 676 726 727 modo
738 693 811 739 esse,
833 674 999 738 sedetiam,

187 749 249 816 quis
259 751 289 798 et
300 746 371 798 unde
381 746 427 808 sit,
438 747 510 798 scire
522 746 669 814 possimus.
697 746 855 797 Maritimus
865 760 935 797 vero
946 745 1000 797 ille

187 826 216 872 et
226 817 335 868 navalis
345 815 433 868 bostis
444 822 509 868 ante
522 816 619 868 adesse
628 822 737 884 potest,
753 831 836 884 quam
847 815 1002 882 quisquam

185 894 333 940 venturum
346 902 406 938 esse
417 888 555 953 suspicari
570 892 661 953 queat.
697 886 758 938 Nec
766 900 844 947 vero,
852 900 939 953 quum
951 900 1002 950 pe·

185 959 237 1018 nit,
246 954 420 1021 praesefert,
427 957 527 1024 autqui
536 957 583 1019 sit,
593 956 830 1017 autundereniat,
839 960 890 1006 aut
899 953 1002 1024 etiam,

187 1026 254 1093 quid
265 1026 348 1088 relit3
370 1024 487 1092 denique
499 1042 534 1079 ne
546 1031 613 1077 nota
624 1026 737 1095 quidem
748 1024 816 1089 ulla,
831 1029 951 1094 pacatus
963 1040 1002 1076 aa

186 1093 275 1146 hostis
286 1095 333 1154 sit,
344 1093 466 1148 discerni
475 1112 509 1148 ac
517 1093 638 1148 iudicari
647 1100 751 1162 potest.

238 1163 285 1215 lV.
307 1164 359 1214 Est
368 1171 460 1217 autem
472 1165 622 1217 maritimis
633 1166 750 1217 urbibus
761 1163 844 1216 etiam
856 1161 1003 1230 quaedem

116 1261 123 1266 -
186 1233 348 1301 corruptela
364 1249 397 1285 ac
409 1234 563 1286 demutatio
577 1250 698 1287 morum:
721 1234 913 1286 admiscentur
923 1234 1000 1285 enin

185 1305 266 1356 novis
279 1304 453 1355 sermonibus
462 1320 496 1355 ac
508 1304 675 1371 disciplinis,
695 1310 725 1356 et
736 1304 927 1371 importantur
941 1319 1002 1354 non

184 1388 293 1425 merces
303 1373 393 1423 solum
406 1372 585 1435 adventitiae,
598 1374 748 1432 sedetiam
758 1371 863 1434 mores,
886 1370 1003 1425 urstisii

104 1444 106 1446 ’
185 1443 321 1510 possitis
339 1443 441 1509 patriis
460 1442 600 1495 institutis
614 1458 726 1496 manere
748 1444 900 1510 integrum.
937 1442 1003 1494 Ian

185 1511 234 1580 qui
244 1512 370 1563 incolunt
382 1529 429 1563 eas
439 1514 535 1576 urbes,
555 1530 610 1566 non
624 1510 740 1567 haerent
754 1514 783 1564 in
797 1512 1002 1578 suissedibus,

180 1582 236 1640 ,sed
245 1582 354 1632 volucri
366 1597 474 1647 semper
485 1590 572 1649 spect
582 1584 755 1652 cogitatione
766 1583 914 1650 rapiuntur
924 1599 944 1637 a
953 1583 1003 1637 do·
1040 1570 1041 1613 i

184 1666 231 1704 mo
242 1652 370 1718 longius:
391 1658 476 1718 atque
486 1653 571 1704 etiam
582 1666 664 1721 quum
675 1660 787 1705 manent
798 1668 929 1720 corpore,
942 1654 1003 1706 ani·

184 1735 231 1773 mo
242 1727 336 1771 tamen
348 1728 499 1772 excurrunt
510 1729 539 1773 et
549 1729 705 1790 vagantur<
732 1722 791 1777 Nec
801 1736 868 1774 vero
879 1722 1004 1777 uliares

184 1789 274 1855 magis
294 1790 493 1843 labefactatam
515 1791 612 1844 diuet
633 1786 830 1860 Carthaginem
848 1799 880 1845 et
901 1794 1004 1846 Corin·

184 1857 263 1910 thum
274 1859 410 1924 pervertit
421 1860 580 1927 aliquando,
598 1877 679 1928 «poam
689 1861 735 1913 bic
744 1877 822 1914 error
832 1860 867 1913 ac
879 1862 1005 1930 dissipa-
1040 1868 1041 1871 ’

185 1928 227 1978 tio
239 1927 349 1990 civium,
362 1927 436 1996 quod
446 1931 588 1982 mercandi
599 1931 753 1996 cupiditate
764 1938 792 1983 et
803 1931 965 2000 navigandi
974 1941 1005 1985 et

185 2010 318 2063 agrorum
339 2004 366 2049 et
387 2013 527 2055 armorum
553 2000 658 2050 cultum
680 2001 858 2068 reliquerant.
904 2002 1005 2054 Multa

186 2067 273 2117 etiam
284 2066 320 2117 ad
341 2067 482 2118 luxuriam
502 2069 684 2121 inritamenta
699 2070 860 2137 perniciosa
872 2071 1006 2124 civitati·

184 2136 237 2188 bus
248 2135 461 2201 suppeditantur
471 2138 556 2200 mari,
577 2154 646 2205 quae
657 2140 702 2190 rel
719 2140 868 2205 capiuntur
883 2141 933 2192 rel
951 2143 1006 2195 in·

186 2212 345 2272 portantur:
372 2210 459 2271 atque
473 2205 559 2258 babet
581 2209 666 2260 etiam
686 2209 842 2260 amoenitas
864 2209 935 2276 ipsa
957 2213 1008 2267 vel

186 2279 363 2339 sumptuosas
376 2275 421 2326 rel
438 2274 595 2328 desidiosas
609 2277 756 2330 illecebras
772 2278 876 2331 multas
889 2281 1009 2348 cupidi·

185 2349 285 2393 tatum.
320 2343 358 2393 Et
372 2344 447 2410 quod
464 2345 499 2398 de
511 2347 646 2398 Corintho
657 2342 728 2409 dixi,
748 2346 779 2397 id
795 2346 870 2398 baud
887 2350 1008 2404 scion·
1040 2388 1041 2391 =

184 2408 271 2463 liceat
288 2410 323 2462 de
335 2405 440 2465 'cuncta
451 2414 569 2466 Graecia
583 2417 724 2468 verissime
740 2416 841 2468 dicere.
879 2417 1008 2474 Namet
1040 2444 1041 2475 i

152 2540 154 2543 ι
183 2478 466 2546 ipsa'Peloponnesus
477 2483 536 2536 fere
547 2491 610 2538 tota
619 2486 648 2536 in
657 2489 726 2538 inari
739 2491 794 2549 cst3
814 2501 867 2537 nec
878 2497 1008 2554 praeter
1040 2518 1041 2525 κ

182 2540 341 2598 Phliuntios
349 2550 401 2599 ulli
410 2558 482 2615 sunt,
494 2569 610 2621 quorum
622 2557 684 2623 agri
694 2571 748 2619 non
759 2555 930 2622 contingant
942 2575 1008 2613 aaa·
1040 2558 1041 2569 ¹

181 2627 225 2665 res
243 2622 272 2666 et
282 2623 362 2667 extra
374 2617 597 2686 Peloponnesum
609 2626 745 2677 Aenianes
756 2631 785 2677 et
795 2623 884 2676 Doris
898 2634 929 2679 ct
941 2628 1007 2681 Do·

182 2680 557 2750 lopessoliabsuntbmari.
593 2694 767 2761 Quiddicam
781 2693 894 2750 uuules
904 2694 1008 2756 tam-
1040 2770 1041 2809 1
