2084 3025
268 156 349 212 nna
367 157 389 211 1.
426 155 512 211 cra.
531 155 574 211 ar.
594 156 637 212 aa.
803 127 857 210 ns

51 259 130 314 sotiis
141 257 254 322 Caesarss
265 261 358 312 Catuli
368 262 458 328 patris
469 261 565 323 stater,
576 262 646 313 vicit
655 271 766 324 omnes3
786 262 858 314 utin

49 332 111 398 ipso
120 330 174 382 iilo
183 329 293 381 forensi
305 321 529 398 generedicendi
535 332 727 384 contentiones
738 333 860 384 aliorum

49 415 178 454 sermone
193 402 327 453 vinceret.
364 401 542 453 inomnib'us·
555 402 643 469 igitur
657 401 699 454 his
713 403 860 455 elaboran-

51 471 114 522 dum
127 476 181 533 est,
190 471 215 522 si
225 471 342 522 inomni
352 485 392 529 re,
402 470 467 537 quid
478 471 586 534 doceat,
598 473 777 539 exquirimus.
798 469 860 524 134.

50 541 101 593 Siti
111 555 182 607 ergo
193 538 239 591 bic
249 554 358 601 sermo,
378 540 409 590 in
420 555 474 606 quo
485 540 625 592 Socratici
636 543 757 595 inaximo
769 540 861 594 excel·

50 611 126 672 lunt,
143 610 217 661 lenis
235 611 564 677 minimequepertinax:
585 611 654 661 insit
675 613 753 664 ineo
771 612 860 679 lepos.

50 682 203 741 Neo·vero‚
223 687 365 746 tamquam
381 681 409 730 in
428 681 634 747 possessionem
650 695 728 732 suam
742 681 861 743 venerit,

50 749 184 804 excludat
199 750 284 813 alios3
303 749 454 816 sed'quum
469 751 586 818 reliquis
603 751 632 800 in
642 751 737 812 rebus,
758 756 816 801 tum
830 751 862 801 ia

44 835 182 873 sermone
196 820 347 881 communi,
368 820 590 872 vicissitudinem
606 833 660 870 nou
676 820 796 886 iniquam
812 834 863 886 pu·

51 897 105 954 tet3
128 905 163 941 aa
174 889 271 940 videat
287 892 315 940 in
328 890 439 956 primis3
454 890 553 958 quibus
568 890 604 941 de
618 890 703 942 rebus
716 889 861 956 loquatur:

50 961 77 1012 si
87 959 178 1020 soriis,
193 959 373 1011 serenitatem
383 958 529 1026 adhibeam
550 961 575 1010 si
586 960 699 1022 iocosis,
721 959 861 1026 leporem}

50 1030 415 1096 inprimisqueprovideat,
436 1045 471 1082 ne
482 1044 574 1081 sermo
585 1030 684 1081 vitium
697 1027 810 1096 aliquod
821 1029 863 1078 in·

50 1101 127 1152 dicet
148 1100 241 1152 inesse
262 1100 291 1149 in
310 1100 450 1163 moribus3
470 1099 545 1167 qnod
565 1102 766 1152 maximorum
787 1098 863 1150 solet

53 1169 178 1231 evandre,
200 1184 283 1235 quum
304 1169 433 1221 studiose
449 1170 486 1221 de
500 1170 675 1233 absentibus,
697 1166 864 1223 detrahendi

53 1255 163 1299 sauma,
175 1245 225 1290 ant
239 1253 291 1305 per
300 1239 460 1302 ridiculum,
472 1249 636 1303 amoenare,
653 1240 790 1292 maledice
801 1254 865 1290 con·

52 1309 260 1375 tumelioseque
271 1310 383 1362 dicitur.
412 1307 471 1363 135.
484 1311 630 1363 Habentur
641 1318 734 1362 autem
745 1308 865 1375 pierum-

52 1396 106 1447 que
118 1394 262 1431 sormones
274 1386 323 1431 out
335 1379 371 1431 de
382 1378 544 1432 domesticis
560 1380 696 1448 negotiis,
718 1386 767 1429 aut
777 1378 811 1429 de
823 1391 867 1428 re·

18 1504 28 1519 Γ
52 1450 178 1518 publica,
190 1455 239 1500 aut
251 1448 400 1501 dea-artium
409 1449 514 1502 studiis
524 1458 610 1519 atquo
621 1450 759 1501 doctrina.
792 1447 866 1498 Dan·

52 1520 89 1572 da
98 1521 287 1590 igituropera
298 1527 350 1583 est3
360 1526 400 1583 υθ,
417 1522 503 1573 etiam
514 1523 540 1572 si
550 1519 732 1574 aberraread
738 1517 795 1571 alia
805 1531 867 1568 eoe-

52 1592 151 1658 quemi,⁴
163 1588 438 1643 adnaemevooetur
449 1592 558 1644 oratio:
577 1592 639 1655 sed,
660 1597 809 1656 utcumque
820 1585 868 1639 ad·

52 1667 151 1724 ernnt;
172 1661 345 1727 nequeenim
358 1675 453 1713 omnes
463 1661 562 1713 iisdem
574 1661 711 1722 derebus,
730 1674 781 1711 nec
792 1656 868 1709 omni

51 1737 192 1798 tempora·
214 1746 267 1782 neo
276 1731 411 1782 similiter
421 1731 602 1784 delectamur.
638 1729 867 1782 Animadverten-

52 1801 121 1852 dum
141 1806 186 1853 est
208 1801 309 1862 otiam,
331 1806 466 1867 quatenus
481 1817 574 1853 sermo
590 1800 804 1853 delectationem
820 1797 867 1849 ha·

51 1872 133 1924 beati
155 1877 193 1934 ot,
215 1871 408 1938 utineipiendi
419 1873 494 1922 ratio
504 1871 598 1933 fuerit,
619 1872 663 1924 ita
674 1871 712 1922 sit
722 1867 867 1922 desinendi

52 1941 166 1994 modos.
201 1939 357 1993 XXXVJH.
377 1938 436 1993 136.
456 1939 511 1993 Sed
528 1942 668 2010 quomodo
678 1940 795 1992 inomni
806 1939 867 1990 rita

50 2013 212 2064 rectissime
222 2011 419 2081 praefinitum.
429 2017 461 2062 ut
475 2012 701 2079 perturbationes
717 2010 867 2078 fugiamus,

50 2081 146 2144 idest,
160 2088 255 2133 nrotns
267 2081 352 2132 animi
362 2081 472 2144 nimios
490 2082 599 2134 rationi
608 2082 867 2147 nonobtemperan·

49 2157 107 2203 test
119 2152 164 2204 sie
175 2151 314 2203 eiusmodi
326 2152 447 2203 motibus
459 2167 552 2204 sermo
562 2152 648 2203 debet
655 2166 763 2212 vacare,
772 2165 807 2200 nn
818 2152 868 2200 aut

50 2221 96 2272 ira
113 2221 250 2284 exsistat,
270 2228 319 2272 aut
330 2221 467 2288 cupiditas
479 2222 588 2288 aliqua,
610 2228 659 2272 aut
668 2220 797 2288 pigritia,
818 2222 867 2267 aut

50 2291 182 2359 ignaria,
206 2298 260 2343 ant
270 2292 330 2343 tais
344 2291 450 2358 aliquid
466 2296 615 2359 appareat:
636 2293 812 2354 maximeque
822 2300 868 2336 eu·

50 2362 240 2423 standumst,
260 2368 369 2423 ursos,
390 2361 554 2428 quibuscum
570 2376 726 2413 sermonem
742 2355 867 2409 confere·

48 2445 126 2494 mus,
149 2436 180 2482 et
190 2430 283 2483 vereri
294 2431 449 2498 etdiligere
460 2430 614 2483 rideamus.
650 2424 867 2492 obiurgationes

49 2501 137 2552 stiam
154 2511 361 2567 nonnumquam
379 2500 508 2551 incidunt
519 2499 705 2558 necessariae,
723 2490 867 2556 inquibus

50 2570 191 2623 utendum
204 2580 249 2622 est
259 2568 383 2622 fumasse
393 2576 422 2621 et
432 2570 515 2621 iocis
521 2568 700 2620 contentione
709 2560 824 2618 maiore,
838 2562 869 2607 et

50 2641 207 2692 verborum
218 2640 361 2706 gravitate
372 2640 490 2693 nemore.
527 2638 558 2689 ld
571 2633 708 2704 egendum
720 2628 816 2685 etiann
836 2631 868 2675 ut

51 2723 86 2762 ea
95 2709 197 2764 facere
207 2709 353 2765 videamur
360 2709 437 2763 irati.
457 2744 461 2751 -
473 2708 538 2774 Sed,
550 2713 585 2758 ut
594 2703 631 2756 sd
640 2697 775 2753 urendum
787 2700 816 2747 et
826 2706 868 2745 se-
