2084 3025
192 134 255 216 ⁵uu
272 137 468 194 auscium
489 137 574 194 cle.
591 136 685 195 1415.
809 135 844 194 aa

35 255 143 294 mussa
151 240 258 309 fingunt
268 242 417 307 amicitias,
426 244 654 298 amabilissimum
665 240 767 295 nodum
777 243 843 294 ami·
910 296 914 301 ,

36 313 127 364 citiac
136 311 247 365 tollere.
276 313 339 365 Nou
351 314 424 366 euim
437 322 493 367 tam
504 315 613 366 utilitas
624 320 705 382 parta
719 327 768 379 per
777 312 845 363 ami·

36 396 121 444 cum,
140 396 221 449 quam
232 382 317 434 amici
327 396 407 435 amor
421 386 481 451 ipsc
492 384 629 437 delectam
651 390 764 450 tumque
775 381 846 432 illud

36 451 81 512 fit,
93 450 169 516 quud
180 450 216 503 ab
225 453 315 504 aluico
328 458 372 505 est
382 452 548 521 piulcctum,
564 452 726 514 iucundum,
747 452 772 502 si
783 464 844 502 cum

37 520 135 572 studia
146 526 190 571 est
201 520 373 586 proiectum:
390 531 553 591 tantumque
564 523 651 585 abest,
662 527 693 572 ut
705 521 845 573 amicitiae
929 520 935 529 ’

10 628 15 639 2
36 595 158 658 propter
167 588 351 656 indigentiam
363 593 499 655 colantur,
510 598 542 644 ut
553 593 585 655 ii,
596 591 642 661 qui
653 590 751 658 unibus
762 597 789 642 et
801 606 846 641 co·

36 659 104 728 piis,
126 660 415 727 maximequcviututc
435 663 564 728 praediti,
584 662 683 728 inqua
699 660 845 726 plurimum

37 734 85 781 cst
95 728 242 795 praesidii,
263 730 377 782 minime
388 730 504 782 alterius
515 729 573 781 indi
594 736 666 793 cant,
685 728 847 781 liberalissi-

36 798 81 852 mi
90 798 147 849 sint
158 801 187 849 et
196 799 449 852 beneficentissimi.
485 801 574 867 Atque
604 800 659 850 aad
673 800 745 860 scic,
767 813 847 850 aune

38 882 111 935 opus
121 868 158 918 sit
168 868 295 934 quidem,
315 867 387 923 nihil
403 882 533 936 umquam
548 869 661 919 omniuo
673 869 769 920 deesse
780 867 847 918 ami·

38 940 93 990 cis.
127 937 182 988 ilbi
191 938 263 989 enim
274 938 368 989 studia
377 944 474 991 nectua
483 938 646 1005 viguissent,
662 938 686 988 si
697 950 846 1003 numquam

38 1006 174 1075 coasilio,
186 1020 334 1075 numquam
345 1022 431 1075 opera
441 1015 547 1070 nostra,
562 1023 613 1060 nec
625 1007 701 1058 dumi
713 1022 763 1060 nce
775 1004 847 1056 mili·

37 1079 114 1140 tiae,
132 1075 227 1144 Scipio
243 1077 383 1144 eguissett
409 1077 471 1129 Nun
486 1079 578 1145 igitur
587 1077 742 1129 utilitatem
755 1075 848 1128 amici·

23 1148 100 1237 ftia,
120 1145 170 1196 sed
181 1146 293 1198 utilitas
308 1147 459 1198 amicitiam
471 1153 622 1199 consecuta
633 1153 685 1199 est.
721 1144 783 1198 XV.
803 1145 846 1197 52.

38 1216 107 1271 Nun
118 1229 185 1283 erge
196 1223 278 1268 ciunt
287 1215 413 1268 hemines
424 1216 532 1269 deliciis
543 1217 698 1269 diffluentes
708 1213 848 1277 audiendi,

19 1346 25 1365 x
39 1284 190 1352 siquando
202 1285 386 1351 deamicitia,
409 1302 489 1353 quam
499 1303 550 1340 acc
560 1302 611 1338 usu
620 1302 672 1338 uec
682 1285 792 1337 ratione
802 1283 849 1334 ha·

27 1357 111 1408 =baut
132 1356 287 1424 cognitam,
312 1356 501 1424 disputabunt.
538 1357 609 1409 Nam
630 1355 693 1424 quis
714 1359 767 1415 est,
797 1367 849 1420 pru

38 1424 135 1478 Deum
146 1425 230 1477 fidem
245 1432 327 1493 atquc
337 1425 491 1478 huminum!
513 1427 561 1493 qui
572 1426 653 1487 velit,
669 1429 702 1476 ut
712 1437 800 1489 nequc
811 1422 852 1472 di·

39 1490 116 1562 ligat
128 1509 300 1563 quemquam,
319 1514 370 1550 nce
384 1497 443 1565 ipsc
455 1497 490 1549 ab
501 1496 561 1548 ulle
573 1495 718 1564 diligatur,
734 1492 850 1545 circum·

39 1563 132 1617 flucre
142 1567 269 1617 omnibus
280 1568 367 1634 copiis
380 1574 461 1634 atque
476 1567 506 1618 iu
517 1565 640 1617 omnium
655 1578 750 1616 rerum
766 1561 850 1615 abun·

40 1634 141 1686 dantia
154 1635 267 1689 viveret
293 1638 374 1690 llaec
388 1644 431 1690 cst
446 1637 518 1688 euim
534 1642 716 1704 tymanuurum
727 1633 798 1694 vita3
821 1631 849 1681 iu

40 1719 98 1773 qua
107 1705 237 1755 nimirum
248 1705 326 1757 nulla
336 1708 413 1769 tides,
428 1707 505 1757 nulla
517 1706 632 1766 caritas,
647 1703 725 1755 nulla
738 1699 850 1754 stabilis

38 1774 259 1827 benevolentiae
268 1783 361 1842 puteat
372 1776 561 1828 essetlduciat
579 1775 675 1824 omnia
685 1785 794 1840 semper
804 1785 848 1821 su·

39 1850 142 1911 specta
154 1850 236 1911 atque
252 1846 390 1897 sollicita:
412 1844 504 1895 nullus
521 1844 601 1896 locus
616 1842 769 1895 amicitiae.
804 1838 847 1893 53.

39 1914 112 1977 Quis
123 1914 197 1966 cuim
207 1919 257 1964 aut
267 1929 328 1966 eum
339 1915 449 1981 diligat,
460 1929 541 1981 quem
552 1914 667 1977 metuit3
689 1918 737 1962 aut
749 1926 820 1973 eum,
831 1925 849 1961 a

58 1998 97 2034 uu
119 1999 150 2036 se
171 1985 259 2035 metui
278 1985 376 2052 putati
395 1984 531 2036 Culumur
552 1991 647 2036 tamen
668 1981 848 2032 simulatione

39 1999 192 2106 dumtaxat
204 2053 239 2105 ad
248 2060 366 2121 tempus.
403 2053 484 2117 Quitnd
499 2053 525 2103 si
535 2052 622 2115 furtc,
643 2058 674 2103 ut
685 2050 852 2117 titulatum*

38 2138 104 2191 quc,
117 2122 282 2175 ceciderint:
303 2130 363 2175 tum
379 2123 560 2192 intelligitur,
581 2136 664 2189 quam
675 2120 780 2172 fuerint
789 2119 849 2170 ino·

38 2208 90 2261 pes
102 2194 264 2245 aulicorum.
289 2193 370 2255 Quod
381 2193 562 2259 Tarquinium
575 2192 678 2243 dixisse
689 2191 790 2251 lerunt,
802 2201 848 2239 cx·

40 2264 181 2315 aulantem
192 2278 222 2313 se
237 2263 425 2325 intellexisse,
446 2277 515 2329 quos
532 2260 603 2312 lidus
618 2261 722 2313 amicus
738 2257 849 2310 habuis·

40 2338 93 2396 set,
115 2341 186 2401 quus
197 2332 310 2395 infidus,
331 2348 416 2399 quum
427 2332 483 2382 iam
494 2332 602 2383 neutris
613 2329 732 2398 gratiam
742 2326 848 2378 referre

39 2409 148 2473 posset.
185 2399 228 2452 54.
247 2401 418 2470 Quamquam
435 2402 537 2463 miuus,
558 2401 609 2451 illa
619 2397 749 2465 superbia
759 2401 787 2447 et
798 2396 848 2444 im·

38 2473 215 2538 portunitatc
232 2472 257 2521 si
272 2485 435 2539 quemquam
455 2470 559 2522 habere
573 2471 674 2537 putuit.
710 2468 801 2531 Atque
814 2469 849 2514 ut

39 2540 132 2604 liuius,
144 2556 226 2609 quem
238 2540 305 2603 dixi,
316 2557 408 2600 mores
418 2555 500 2592 uerus
510 2540 615 2591 amicus
625 2550 725 2606 parare
735 2548 790 2584 nen
799 2545 851 2598 po·

41 2617 134 2665 tuere:
156 2612 198 2661 sic
214 2609 363 2662 multorum
379 2623 445 2678 opes
462 2609 687 2676 praepotentium
700 2600 850 2657 excludunt

41 2682 184 2735 amicitias
195 2679 303 2734 fideles.
313 2679 377 2734 lton
388 2679 459 2732 cuim
469 2677 561 2731 sulum
572 2680 632 2746 insa
643 2675 757 2728 fortuna
767 2684 852 2736 caeca
