2084 3025
222 154 302 210 nm.
322 155 344 211 1.
373 118 640 214 erenstein.
780 156 832 215 soi

26 259 113 314 steret
138 259 215 313 Nam
226 258 457 314 haeenasountur
467 276 502 329 ex
514 276 562 325 eo,
583 263 759 330 quiauatura
769 279 833 332 pro·

27 332 100 399 pensi
121 347 220 383 sarnus
241 331 277 383 ad
294 331 452 399 diligendos
475 331 613 385 homines:
635 334 711 401 quod
732 333 834 387 funda·

28 410 143 455 neutum
153 402 226 452 iuris
237 407 292 453 est:
311 418 400 469 neque
411 402 501 455 solum
513 401 679 457 innomines
690 404 834 472 obsequis,

29 471 71 524 sed
84 472 172 531 etiam
188 472 220 525 in
230 471 307 523 Deos
319 474 505 525 caerimoniae
516 473 722 542 religionesque
732 475 834 527 tollen·

29 550 80 593 tur:
102 556 174 608 quas
190 556 246 592 non
261 547 352 605 metu,
371 544 421 596 sed
437 559 472 596 ea
483 544 686 605 coniunctione,
708 551 835 612 quaeest

30 610 131 664 homini
142 627 206 671 oum
217 611 289 674 Deo,
300 613 504 667 conservandas
515 619 591 680 puto.
628 612 702 667 XVl.
717 614 800 677 Quod
810 615 835 666 si

30 682 192 750 populorum
202 681 296 745 iussis,
306 684 332 734 si
343 685 499 751 principum
511 683 641 746 decretis,
653 683 678 733 si
688 684 836 737 sententiis

30 752 160 813 iudicum,
171 752 237 803 iura
248 754 497 818 constituerentur3
517 753 563 805 ius
574 760 648 807 esset
659 753 836 809 latrocinari:

30 822 77 883 ius,
92 820 269 873 adulterare:
289 823 342 885 ius,
359 830 529 876 testamenta
539 823 613 875 falsa
622 838 792 892 supponere,
812 824 839 877 si

30 889 94 947 haec
104 890 252 957 suffragiis
273 900 322 944 aut
336 895 417 945 scitis
433 893 623 945 multitudinis
644 893 838 961 probarentur.

31 961 70 1014 44.
85 961 168 1023 ,Quae
185 962 211 1011 si
225 967 308 1013 tanta
322 970 449 1031 potestas
465 971 508 1017 est
522 965 675 1016 stultorum
691 965 839 1017 sententiis

34 1038 109 1099 atque
118 1031 217 1093 iussis,
226 1038 260 1087 ut
271 1047 368 1085 eorum
379 1033 521 1103 suffragiis
533 1049 625 1086 rerum
636 1039 738 1087 natura
748 1040 839 1086 verta·

34 1107 87 1161 tar:
107 1117 158 1153 eur
169 1116 225 1157 non
237 1103 376 1166 sanciunt,
397 1111 437 1167 ut,
459 1120 530 1172 quae
541 1104 615 1157 mala
625 1104 839 1173 pernicioseque

36 1179 106 1235 sunt,
126 1170 287 1231 habeantur
302 1188 353 1240 pro
365 1176 490 1226 bonisne
501 1175 690 1229 salutaribusl
713 1181 763 1227 sut
779 1189 839 1239 eur,

36 1243 166 1308 quamius
177 1257 214 1295 ex
225 1243 331 1296 iniuria
339 1246 386 1298 lex
397 1244 492 1297 facere
501 1245 606 1312 possit,
624 1246 728 1297 bonurn
739 1246 838 1298 eadem

36 1311 126 1373 faeere
133 1328 189 1365 uon
201 1315 292 1379 possit
302 1328 337 1367 ex
347 1314 442 1367 maloi
470 1315 554 1382 Atqui
569 1330 621 1366 nos
632 1315 727 1383 legem
737 1317 840 1368 bonam
867 1348 872 1357 ‚

35 1383 146 1446 amala,
167 1384 248 1435 nulla
259 1385 315 1437 alia
326 1386 380 1436 nisi
396 1390 512 1437 naturae
523 1399 624 1437 norma
634 1384 760 1437 dividere
776 1400 839 1451 pos·

34 1468 131 1505 murus,
161 1453 223 1506 Neo
232 1455 324 1506 solnm
335 1457 378 1506 ius
388 1462 417 1508 ot
427 1455 533 1507 iniuria
545 1461 674 1509 enatura
684 1453 841 1506 diiudican-

33 1531 88 1587 tur,
107 1524 157 1584 sed
173 1527 288 1577 omnino
305 1527 398 1578 omnia
411 1525 529 1579 honesta
540 1542 574 1579 ae
588 1525 691 1592 turpia.
727 1524 799 1577 Nam
812 1530 842 1576 ot

33 1595 184 1648 communis
205 1597 395 1663 intelligentia
416 1597 497 1648 nobis
519 1603 600 1648 notas
619 1609 666 1647 res
687 1594 771 1646 eiileit
786 1609 843 1662 eas,

33 1673 110 1732 quas*
122 1667 154 1720 in
162 1666 267 1724 muniis
277 1668 381 1722 nostris
393 1666 545 1729 inchoarit,
555 1672 586 1724 ut
596 1663 843 1717 honestainrirtu·

33 1742 220 1802 tenerentur,
231 1737 260 1792 in
269 1737 461 1803 uitiistiuqria.
488 1735 533 1789 45.
548 1737 630 1788 Haee
640 1740 732 1787 antem
746 1736 772 1785 in
784 1734 843 1800 opi·

33 1805 110 1859 aione
122 1806 298 1868 existimare,
314 1821 369 1857 non
381 1808 409 1859 in
420 1813 518 1862 natura
529 1807 630 1873 posita,
641 1804 777 1857 dementis
790 1812 843 1857 est.

35 1874 305 1939 Namneearborim
327 1878 561 1945 necequivirtus‚
582 1876 779 1944 quaedioitur,
801 1875 842 1939 (in

36 1960 81 2011 quo
93 1947 241 2004 abutimur
250 1947 373 2008 nomine)
383 1947 412 1997 in
424 1947 555 2014 opinione
565 1946 682 2008 niteant,
695 1945 783 1998 sedin
795 1962 843 1997 na·

35 2020 101 2070 tura.
133 2016 217 2078 Quod
229 2018 253 2067 si
265 2016 329 2083 [ita]
340 2023 390 2079 est,
401 2015 519 2068 honesta
531 2031 641 2085 qnoque
652 2021 681 2068 et
690 2017 785 2083 turpia
795 2031 843 2068 na·
889 2061 894 2068 .

33 2092 91 2138 tura
110 2086 298 2139 diiudicanda
317 2093 389 2138 sunt.
425 2087 497 2139 Nam
517 2087 543 2138 si
563 2086 694 2154 opinione
714 2087 843 2139 universa

34 2155 132 2221 sutus,
153 2157 253 2211 eadem
266 2158 326 2208 eius
338 2157 423 2210 etiam
433 2163 529 2225 partes
541 2159 735 2223 probarentur.
773 2155 842 2218 Quis

35 2226 288 2295 igiturprudentem
294 2233 330 2289 et,
342 2234 374 2279 ut
383 2228 426 2279 itu
436 2227 535 2289 dicam,
546 2235 638 2280 catum
649 2241 744 2285 nonen
753 2226 842 2293 ipsius

37 2292 140 2363 habitu,
153 2297 212 2349 ¹aed
224 2313 260 2349 ex
271 2298 365 2365 aliqua
379 2314 409 2349 re
421 2303 539 2351 externa
551 2295 673 2349 iudicati
708 2296 760 2348 Est
770 2295 843 2347 enim

37 2366 118 2420 virtus
129 2366 260 2435 perfecta
268 2369 352 2419 ratio.
375 2366 458 2429 Quod
470 2374 546 2420 eerte
557 2369 585 2419 in
597 2372 699 2418 natura
709 2372 759 2417 est.
787 2363 845 2438 lgi-

38 2442 77 2489 tur
87 2440 187 2494 omnis
194 2435 326 2492 honestas
337 2438 437 2490 eodem
448 2438 542 2490 modo.
576 2435 664 2489 XVll.
676 2434 748 2487 Nam
758 2438 846 2482 utve·

38 2513 101 2560 raet
111 2508 197 2570 falsa,
214 2514 248 2558 ut
259 2507 457 2575 consequentia
468 2514 496 2560 et
506 2508 659 2567 contraria,
675 2517 726 2555 sus
736 2504 845 2574 sponte,

36 2591 86 2629 non
98 2579 195 2631 aliena
205 2578 377 2630 iudicantur:
390 2577 431 2629 sie
442 2584 574 2630 constans
586 2584 614 2628 et
625 2570 846 2641 perpetuarent)

37 2647 123 2711 ritae,
145 2664 217 2716 quae
231 2645 390 2709 estrimes,
410 2649 533 2714 itemque
552 2635 751 2697 inconstantia,
772 2629 848 2698 (Ιῦοᾱ

36 2724 78 2768 est
91 2718 204 2783 sitium,
223 2732 275 2772 sua
294 2724 397 2771 natura
419 2718 565 2785 probatur.
600 2711 644 2765 46.
661 2705 722 2759 Nos
735 2699 849 2768 inssenin
872 2757 880 2774 .
