2084 3025
76 38 80 40 ’
181 55 231 112 11⁸
363 38 811 111 nnssuuasusonnu

179 163 236 217 ista
244 158 392 215 intellecta
401 158 466 221 sint,
477 172 494 209 a
504 152 681 223 philosophis
687 154 775 208 debeo
781 151 903 214 dissere
912 165 1006 218 prae-

180 232 277 284 sertim
285 245 368 296 quum
376 227 506 294 plurimis
517 226 552 278 de
561 227 645 277 rebus
656 225 705 275 isti
714 222 803 279 divini
808 222 1006 275 mentiantur.

13 340 16 349 .
88 321 91 327 ¹
161 289 215 354 '15
230 302 279 351 ,st
293 298 395 353 medici
414 311 525 364 quoque
544 296 599 356 (ita
611 295 683 346 enim
698 294 822 355 dicebas)
838 291 927 361 saepe
945 291 1006 343 fal·

181 371 285 423 luntur.
321 367 397 429 Quid
412 367 505 418 simile
520 365 674 431 medicina,
694 365 771 416 cuius
786 372 839 430 ego
849 362 1006 413 rationem

88 486 96 499 ,
181 438 274 500 rideo,
283 443 312 488 et
323 436 476 493 divinatio!
487 451 559 502 quae
569 434 642 486 unde
653 433 769 495 oriatur,
781 447 835 482 non
846 430 1003 498 intelligo.

181 510 226 560 Tu
246 512 340 557 autem
363 508 447 559 etiam
464 505 620 559 Deciorum
643 502 842 556 devotionibus
861 500 1005 569 placatos

174 577 258 636 ¹Deos
269 590 330 628 esse
341 591 445 628 censes.
481 575 562 637 Quae
576 574 633 624 fuit
644 586 740 635 eorum
756 569 1004 636 tantainiquitas,

134 694 137 698 ,
182 653 214 697 ut
224 645 331 713 placari
341 645 579 718 populollomano
589 658 645 693 non
655 647 778 709 possent,
789 641 844 690 nisi
852 638 1002 692 viritales

183 714 371 773 occidissent?
382 714 538 767 Consilium
549 712 619 765 illud
630 712 831 778 imperatorum
836 708 902 771 fuit,
914 707 1002 775 quod

183 785 287 838 Graeci
299 781 471 851 στρατήγημα
486 782 642 849 appellant,
660 780 711 832 sed
725 795 822 832 eorum
836 779 1001 845 imperato·

183 870 258 918 rum,
277 853 327 922 qni
341 853 450 920 patriae
465 852 657 912 consulerent,
675 850 750 903 ritae
765 864 821 900 non
830 852 1001 915 parcerent.

183 925 326 978 Rebantur
336 916 409 977 euim
418 920 487 984 iore,
501 927 534 972 ut
544 920 683 972 exercitus
693 919 903 986 Imperatorem,
918 932 1001 984 equo

183 995 301 1047 incitato
311 1007 341 1043 se
350 991 381 1047 in
390 991 485 1043 hostes
495 991 948 1055 immittentem,persequeretur:
968 985 1003 1037 id
1037 1042 1038 1045 Ἴ

184 1064 259 1131 quod
270 1056 370 1114 evenit.
405 1060 477 1112 Nam
488 1061 578 1112 Fauni
588 1074 686 1111 rocem
701 1057 829 1125 equidem
839 1070 1001 1125 numquam

184 1132 290 1187 audiri.
325 1128 399 1201 Tibi,
409 1131 443 1180 ‘si
450 1130 563 1182 audisse
573 1136 604 1181 te
614 1129 693 1191 dieis,
704 1129 828 1180 credam:
842 1127 908 1189 etsi,
920 1127 1001 1178 Fau·

183 1218 236 1254 nus
246 1200 359 1254 omniuo
370 1199 437 1265 quid
446 1200 493 1262 sit,
504 1200 608 1252 neseio.
644 1198 705 1250 Vll.
715 1198 742 1251 N
744 1213 781 1250 on
791 1197 877 1264 igitur
888 1195 1001 1260 adhue,

185 1277 320 1338 quantum
330 1268 443 1335 quidem
454 1269 484 1320 in
494 1275 532 1330 te,
546 1269 645 1334 Balbe,
661 1274 711 1331 est,
721 1267 851 1336 intelligo
860 1266 941 1319 Deos
953 1282 1000 1319 os·

185 1356 228 1392 se:
242 1355 311 1407 quos
323 1337 450 1405 equidem
463 1339 547 1392 credo
557 1355 628 1402 esse,
638 1338 687 1390 sed
699 1337 772 1389 nihil
782 1337 884 1390 docent
893 1335 1000 1391 Stoici.
1037 1398 1038 1406 ἵ

185 1406 228 1462 lo.
243 1409 316 1466 Nam
326 1406 482 1472 Cleanthes,
500 1415 531 1459 ut
543 1408 665 1471 dicebas,
686 1415 820 1475 quattuor
830 1406 924 1458 modis
935 1405 1000 1459 tor·-

184 1479 316 1535 matasin
325 1478 427 1532 animis
441 1476 584 1548 honp'num
599 1484 680 1547 putat
691 1478 817 1531 Deorum
827 1477 1000 1531 esseuotio·

184 1566 243 1603 nes.
280 1550 356 1616 Unus
369 1550 395 1600 is
410 1549 509 1600 modus
524 1555 579 1612 est,
599 1550 699 1618 dequo
714 1550 785 1602 satis
798 1548 870 1611 dixi,
887 1547 1001 1616 quiesi

152 1679 154 1692 ἁ
185 1627 331 1689 susceptus
346 1634 381 1671 es
394 1620 592 1686 praesensione
606 1634 700 1671 terum
711 1618 876 1670 futurarum.
912 1618 1000 1670 Alter

185 1703 220 1741 ox
229 1690 484 1757 perturbationibus
495 1694 694 1754 tempestatum
699 1695 728 1740 et
736 1689 851 1756 reliquis
857 1688 999 1740 motibus.

185 1759 300 1818 'l'ertius
310 1774 346 1811 ex
356 1758 554 1828 commoditate
564 1774 666 1819 rerum,
685 1774 754 1825 quas
764 1759 944 1825 percipimus,
954 1815 956 1818 v
967 1765 1000 1810 et

185 1830 276 1895 copia.
308 1830 433 1889 ⁴Quartus
454 1842 489 1878 ex
508 1834 647 1879 astrorum
662 1828 762 1879 ordine
783 1828 912 1895 caelique
928 1842 1000 1879 con·

185 1897 297 1956 stantia.
332 1896 376 1948 De
386 1897 582 1962 praesensione
592 1897 720 1950 diximus.
749 1897 999 1966 Deperturbatio-

184 1966 266 2017 nibus
278 1965 447 2018 caelestibus
458 1972 486 2018 et
497 1963 646 2018 maritimis
657 1975 686 2019 et
697 1969 817 2020 terrenis
827 1983 882 2022 non
893 1981 1000 2033 possu-

184 2051 247 2106 mus
258 2035 361 2097 dioere,
382 2051 465 2105 quum
476 2052 510 2089 ea
521 2037 597 2099 liant,
614 2052 669 2087 non
680 2053 740 2089 esse
750 2039 863 2099 multos,
882 2037 932 2103 qui
941 2037 999 2092 illa

185 2111 321 2167 metuant,
343 2110 373 2157 et
393 2122 410 2159 a
429 2105 493 2156 Diis
511 2107 719 2159 immortalibus
738 2109 800 2160 lieri
819 2107 998 2161 existiment.

185 2171 228 2226 17.
239 2173 295 2227 Sed
306 2190 361 2225 non
371 2174 400 2226 id
410 2176 563 2242 quaeritur,
575 2177 666 2228 sintne
676 2177 772 2245 aliqui,
784 2177 832 2244 qui
840 2177 919 2228 Deos
930 2192 1000 2230 esse

184 2249 297 2312 putent:
315 2244 645 2308 Diiuuum'sintnecne,
656 2250 807 2313 quaeritur.
843 2246 918 2299 Nam
927 2247 998 2299 reli-

184 2329 256 2380 quae
267 2328 391 2377 caussae,
408 2313 475 2381 quas
486 2313 635 2368 Cleanthes
647 2316 740 2381 affert,
752 2332 870 2385 quarum
880 2332 939 2367 una
948 2322 998 2369 est

184 2382 220 2435 de
231 2384 446 2446 commodorum,
456 2399 527 2450 quae
538 2386 670 2452 capimus,
681 2389 774 2454 copia3
784 2387 916 2439 alterode
923 2393 999 2438 tam·

172 2453 282 2519 ‘porum
294 2452 399 2515 ordine,
411 2453 537 2519 caelique
549 2458 719 2519 constant-ia,
730 2464 790 2508 tum
797 2458 1000 2509 tractabuntur

183 2535 200 2571 s
222 2522 316 2585 nobis,
337 2538 421 2589 quum
442 2522 646 2589 disputabimus
671 2526 707 2577 de
725 2527 902 2593 providentia
918 2526 1000 2579 Deo·

182 2602 256 2655 rum;
272 2591 306 2646 de
318 2607 372 2660 qua
382 2592 502 2661 plurima
513 2598 577 2654 ate,
587 2592 686 2657 Balbe,
702 2595 863 2649 dictasunt:
880 2596 999 2649 eodem·
