<?xml version="1.0" encoding="UTF-8"?>
<!DOCTYPE html PUBLIC "-//W3C//DTD XHTML 1.0 Transitional//EN"
    "http://www.w3.org/TR/xhtml1/DTD/xhtml1-transitional.dtd">
<html xmlns="http://www.w3.org/1999/xhtml" xml:lang="en" lang="en">
 <head>
  <title>
</title>
<meta http-equiv="Content-Type" content="text/html;charset=utf-8" />
  <meta name='ocr-system' content='tesseract 3.04.00' />
  <meta name='ocr-capabilities' content='ocr_page ocr_carea ocr_par ocr_line ocrx_word'/>
</head>
<body>
  <div class='ocr_page' id='page_1' title='image "./opera00nobbgoog_0512.png"; bbox 0 0 2084 3025; ppageno 0'>
   <div class='ocr_carea' id='block_1_1' title="bbox 185 135 763 208">
    <p class='ocr_par' dir='ltr' id='par_1_1' title="bbox 185 135 763 208">
     <span class='ocr_line' id='line_1_1' title="bbox 185 135 763 208; baseline 0 -3"><span class='ocrx_word' id='word_1_1' title='bbox 185 148 250 208; x_wconf 40' lang='lat' dir='ltr'>mc,</span> <span class='ocrx_word' id='word_1_2' title='bbox 458 149 717 205; x_wconf 78' lang='lat' dir='ltr'>nacamcus</span> <span class='ocrx_word' id='word_1_3' title='bbox 756 135 763 140; x_wconf 79' lang='grc'><strong>“</strong></span> 
     </span>
    </p>
   </div>
   <div class='ocr_carea' id='block_1_2' title="bbox 188 250 993 390">
    <p class='ocr_par' dir='ltr' id='par_1_2' title="bbox 188 250 993 390">
     <span class='ocr_line' id='line_1_2' title="bbox 188 250 991 323; baseline -0.001 -15"><span class='ocrx_word' id='word_1_4' title='bbox 188 254 319 308; x_wconf 76' lang='lat' dir='ltr'>cinctam</span> <span class='ocrx_word' id='word_1_5' title='bbox 341 250 512 306; x_wconf 71' lang='lat' dir='ltr'>medicant</span> <span class='ocrx_word' id='word_1_6' title='bbox 526 262 749 323; x_wconf 63' lang='lat' dir='ltr'>propugnantem</span> <span class='ocrx_word' id='word_1_7' title='bbox 766 268 820 320; x_wconf 81' lang='lat' dir='ltr'>pra</span> <span class='ocrx_word' id='word_1_8' title='bbox 837 251 991 320; x_wconf 75' lang='lat' dir='ltr'>aequitate.</span> 
     </span>
     <span class='ocr_line' id='line_1_3' title="bbox 189 322 993 390; baseline 0 -16"><span class='ocrx_word' id='word_1_9' title='bbox 189 323 330 385; x_wconf 75' lang='lat' dir='ltr'>Quocirca</span> <span class='ocrx_word' id='word_1_10' title='bbox 339 337 430 385; x_wconf 86' lang='lat' dir='ltr'>nemo,</span> <span class='ocrx_word' id='word_1_11' title='bbox 445 323 494 388; x_wconf 88' lang='lat' dir='ltr'>qui</span> <span class='ocrx_word' id='word_1_12' title='bbox 506 322 684 375; x_wconf 84' lang='lat' dir='ltr'>fortitudinis</span> <span class='ocrx_word' id='word_1_13' title='bbox 695 323 818 390; x_wconf 82' lang='lat' dir='ltr'>gloriam</span> <span class='ocrx_word' id='word_1_14' title='bbox 826 329 993 374; x_wconf 77' lang='lat' dir='ltr'>consecutus</span> 
     </span>
    </p>
   </div>
   <div class='ocr_carea' id='block_1_3' title="bbox 106 389 994 464">
    <p class='ocr_par' dir='ltr' id='par_1_3' title="bbox 106 389 994 464">
     <span class='ocr_line' id='line_1_4' title="bbox 106 389 994 464; baseline -0.001 -20"><span class='ocrx_word' id='word_1_15' title='bbox 106 455 112 464; x_wconf 26' lang='grc' dir='ltr'><em>Ι</em></span> <span class='ocrx_word' id='word_1_16' title='bbox 189 398 234 444; x_wconf 83' lang='lat' dir='ltr'>est</span> <span class='ocrx_word' id='word_1_17' title='bbox 247 390 358 444; x_wconf 75' lang='lat' dir='ltr'>insidiis</span> <span class='ocrx_word' id='word_1_18' title='bbox 376 398 405 443; x_wconf 89' lang='lat' dir='ltr'>st</span> <span class='ocrx_word' id='word_1_19' title='bbox 419 392 542 454; x_wconf 83' lang='lat' dir='ltr'>mulitia,</span> <span class='ocrx_word' id='word_1_20' title='bbox 563 392 672 444; x_wconf 88' lang='lat' dir='ltr'>laudem</span> <span class='ocrx_word' id='word_1_21' title='bbox 689 398 733 444; x_wconf 84' lang='lat' dir='ltr'>est</span> <span class='ocrx_word' id='word_1_22' title='bbox 751 392 878 457; x_wconf 84' lang='lat' dir='ltr'>adeptus.</span> <span class='ocrx_word' id='word_1_23' title='bbox 913 389 994 443; x_wconf 80' lang='lat' dir='ltr'>Nihil</span> 
     </span>
    </p>
   </div>
   <div class='ocr_carea' id='block_1_4' title="bbox 149 458 1000 1369">
    <p class='ocr_par' dir='ltr' id='par_1_4' title="bbox 149 458 994 665">
     <span class='ocr_line' id='line_1_5' title="bbox 190 458 994 527; baseline 0 -15"><span class='ocrx_word' id='word_1_24' title='bbox 190 460 264 513; x_wconf 80' lang='lat' dir='ltr'>enim</span> <span class='ocrx_word' id='word_1_25' title='bbox 275 458 420 512; x_wconf 80' lang='lat' dir='ltr'>honestum</span> <span class='ocrx_word' id='word_1_26' title='bbox 431 475 491 512; x_wconf 83' lang='lat' dir='ltr'>esse</span> <span class='ocrx_word' id='word_1_27' title='bbox 501 467 603 527; x_wconf 85' lang='lat' dir='ltr'>potest,</span> <span class='ocrx_word' id='word_1_28' title='bbox 622 460 696 527; x_wconf 86' lang='lat' dir='ltr'>quod</span> <span class='ocrx_word' id='word_1_29' title='bbox 706 461 814 511; x_wconf 85' lang='lat' dir='ltr'>iustitia</span> <span class='ocrx_word' id='word_1_30' title='bbox 823 464 911 514; x_wconf 69' lang='lat' dir='ltr'>s&#39;aoet.</span> <span class='ocrx_word' id='word_1_31' title='bbox 948 459 994 512; x_wconf 82' lang='grc'>63.</span> 
     </span>
     <span class='ocr_line' id='line_1_6' title="bbox 149 528 994 596; baseline -0.004 -15"><span class='ocrx_word' id='word_1_32' title='bbox 149 561 157 568; x_wconf 84' lang='grc'>-</span> <span class='ocrx_word' id='word_1_33' title='bbox 190 528 463 596; x_wconf 76' lang='lat' dir='ltr'>Praeclarumigimr</span> <span class='ocrx_word' id='word_1_34' title='bbox 472 529 691 582; x_wconf 78' lang='lat' dir='ltr'>Platonisillud:</span> <span class='ocrx_word' id='word_1_35' title='bbox 711 529 771 581; x_wconf 84' lang='lat' dir='ltr'>Nan</span> <span class='ocrx_word' id='word_1_36' title='bbox 781 531 877 591; x_wconf 78' lang='lat' dir='ltr'>salam,</span> <span class='ocrx_word' id='word_1_37' title='bbox 891 528 994 595; x_wconf 86' lang='lat' dir='ltr'>inquit,</span> 
     </span>
     <span class='ocr_line' id='line_1_7' title="bbox 191 596 994 665; baseline -0.007 -11"><span class='ocrx_word' id='word_1_38' title='bbox 191 597 317 661; x_wconf 72' lang='lat' dir='ltr'>scientia,</span> <span class='ocrx_word' id='word_1_39' title='bbox 328 607 441 665; x_wconf 80' lang='lat' dir='ltr'>quaeest</span> <span class='ocrx_word' id='word_1_40' title='bbox 452 599 597 651; x_wconf 75' lang='lat' dir='ltr'>remataalt</span> <span class='ocrx_word' id='word_1_41' title='bbox 606 598 727 662; x_wconf 81' lang='lat' dir='ltr'>iustitia,</span> <span class='ocrx_word' id='word_1_42' title='bbox 738 598 879 651; x_wconf 70' lang='lat' dir='ltr'>calliditas</span> <span class='ocrx_word' id='word_1_43' title='bbox 886 596 994 664; x_wconf 73' lang='lat' dir='ltr'>potins,</span> 
     </span>
    </p>

    <p class='ocr_par' dir='ltr' id='par_1_5' title="bbox 162 666 1000 1369">
     <span class='ocr_line' id='line_1_8' title="bbox 193 666 997 738; baseline -0.002 -18"><span class='ocrx_word' id='word_1_44' title='bbox 193 683 275 736; x_wconf 79' lang='lat' dir='ltr'>qaam</span> <span class='ocrx_word' id='word_1_45' title='bbox 286 666 423 735; x_wconf 75' lang='lat' dir='ltr'>sapientia</span> <span class='ocrx_word' id='word_1_46' title='bbox 430 671 475 720; x_wconf 79' lang='lat' dir='ltr'>&#39;est</span> <span class='ocrx_word' id='word_1_47' title='bbox 486 670 665 738; x_wconf 77' lang='lat' dir='ltr'>appellanda:</span> <span class='ocrx_word' id='word_1_48' title='bbox 685 683 778 720; x_wconf 68' lang='lat' dir='ltr'>amum</span> <span class='ocrx_word' id='word_1_49' title='bbox 790 666 874 720; x_wconf 81' lang='lat' dir='ltr'>etiam</span> <span class='ocrx_word' id='word_1_50' title='bbox 885 666 997 719; x_wconf 78' lang='lat' dir='ltr'>animas</span> 
     </span>
     <span class='ocr_line' id='line_1_9' title="bbox 162 734 997 807; baseline -0.002 -18"><span class='ocrx_word' id='word_1_51' title='bbox 162 734 166 738; x_wconf 82' lang='grc'><strong><em>’</em></strong></span> <span class='ocrx_word' id='word_1_52' title='bbox 189 745 311 807; x_wconf 78' lang='lat' dir='ltr'>paratat</span> <span class='ocrx_word' id='word_1_53' title='bbox 320 737 359 788; x_wconf 82' lang='lat' dir='ltr'>ad</span> <span class='ocrx_word' id='word_1_54' title='bbox 365 736 530 803; x_wconf 75' lang='lat' dir='ltr'>periculam,</span> <span class='ocrx_word' id='word_1_55' title='bbox 541 738 566 789; x_wconf 79' lang='lat' dir='ltr'>si</span> <span class='ocrx_word' id='word_1_56' title='bbox 575 754 625 790; x_wconf 79' lang='lat' dir='ltr'>aaa</span> <span class='ocrx_word' id='word_1_57' title='bbox 637 736 798 806; x_wconf 79' lang='lat' dir='ltr'>cupiditate,</span> <span class='ocrx_word' id='word_1_58' title='bbox 809 735 997 789; x_wconf 75' lang='lat' dir='ltr'>aaaatilitate</span> 
     </span>
     <span class='ocr_line' id='line_1_10' title="bbox 195 804 996 875; baseline -0.004 -17"><span class='ocrx_word' id='word_1_59' title='bbox 195 805 332 862; x_wconf 70' lang='lat' dir='ltr'>communi</span> <span class='ocrx_word' id='word_1_60' title='bbox 340 805 499 873; x_wconf 78' lang='lat' dir='ltr'>impellitur,</span> <span class='ocrx_word' id='word_1_61' title='bbox 520 808 656 861; x_wconf 78' lang='lat' dir='ltr'>audaciae</span> <span class='ocrx_word' id='word_1_62' title='bbox 668 806 763 875; x_wconf 79' lang='lat' dir='ltr'>petias</span> <span class='ocrx_word' id='word_1_63' title='bbox 778 822 875 859; x_wconf 80' lang='lat' dir='ltr'>acmen</span> <span class='ocrx_word' id='word_1_64' title='bbox 884 804 996 868; x_wconf 76' lang='lat' dir='ltr'>lateat,</span> 
     </span>
     <span class='ocr_line' id='line_1_11' title="bbox 195 874 995 947; baseline -0.006 -19"><span class='ocrx_word' id='word_1_65' title='bbox 195 892 278 945; x_wconf 74' lang='lat' dir='ltr'>paam</span> <span class='ocrx_word' id='word_1_66' title='bbox 284 874 475 947; x_wconf 72' lang='lat' dir='ltr'>fortitudinis.</span> <span class='ocrx_word' id='word_1_67' title='bbox 493 877 591 943; x_wconf 81' lang='lat' dir='ltr'>ltaque</span> <span class='ocrx_word' id='word_1_68' title='bbox 601 877 780 937; x_wconf 79' lang='lat' dir='ltr'>virosiortes,</span> <span class='ocrx_word' id='word_1_69' title='bbox 791 874 995 942; x_wconf 82' lang='lat' dir='ltr'>magnanimes,</span> 
     </span>
     <span class='ocr_line' id='line_1_12' title="bbox 195 942 998 1013; baseline -0.005 -16"><span class='ocrx_word' id='word_1_70' title='bbox 195 945 309 997; x_wconf 87' lang='lat' dir='ltr'>cosdem</span> <span class='ocrx_word' id='word_1_71' title='bbox 320 945 408 996; x_wconf 87' lang='lat' dir='ltr'>bonos</span> <span class='ocrx_word' id='word_1_72' title='bbox 422 951 451 997; x_wconf 85' lang='lat' dir='ltr'>et</span> <span class='ocrx_word' id='word_1_73' title='bbox 460 946 616 1013; x_wconf 85' lang='lat' dir='ltr'>simplices,</span> <span class='ocrx_word' id='word_1_74' title='bbox 633 945 760 997; x_wconf 82' lang='lat' dir='ltr'>veritatis</span> <span class='ocrx_word' id='word_1_75' title='bbox 776 945 895 1006; x_wconf 87' lang='lat' dir='ltr'>amicos,</span> <span class='ocrx_word' id='word_1_76' title='bbox 914 942 998 994; x_wconf 82' lang='lat' dir='ltr'>mini·</span> 
     </span>
     <span class='ocr_line' id='line_1_13' title="bbox 194 1011 997 1081; baseline -0.005 -14"><span class='ocrx_word' id='word_1_77' title='bbox 194 1028 293 1080; x_wconf 84' lang='lat' dir='ltr'>meque</span> <span class='ocrx_word' id='word_1_78' title='bbox 307 1012 424 1066; x_wconf 73' lang='lat' dir='ltr'>fallaces</span> <span class='ocrx_word' id='word_1_79' title='bbox 442 1030 503 1070; x_wconf 83' lang='lat' dir='ltr'>esse</span> <span class='ocrx_word' id='word_1_80' title='bbox 518 1015 660 1067; x_wconf 74' lang='lat' dir='ltr'>volumust</span> <span class='ocrx_word' id='word_1_81' title='bbox 680 1030 751 1081; x_wconf 86' lang='lat' dir='ltr'>quae</span> <span class='ocrx_word' id='word_1_82' title='bbox 772 1019 837 1066; x_wconf 89' lang='lat' dir='ltr'>aunt</span> <span class='ocrx_word' id='word_1_83' title='bbox 850 1026 885 1065; x_wconf 82' lang='lat' dir='ltr'>ex</span> <span class='ocrx_word' id='word_1_84' title='bbox 899 1011 997 1063; x_wconf 80' lang='lat' dir='ltr'>media</span> 
     </span>
     <span class='ocr_line' id='line_1_14' title="bbox 195 1080 997 1148; baseline -0.001 -14"><span class='ocrx_word' id='word_1_85' title='bbox 195 1081 278 1134; x_wconf 74' lang='lat' dir='ltr'>laude</span> <span class='ocrx_word' id='word_1_86' title='bbox 288 1081 423 1147; x_wconf 81' lang='lat' dir='ltr'>iustitiae.</span> <span class='ocrx_word' id='word_1_87' title='bbox 458 1083 501 1135; x_wconf 80' lang='lat'>64.</span> <span class='ocrx_word' id='word_1_88' title='bbox 516 1083 572 1137; x_wconf 85' lang='lat' dir='ltr'>Sed</span> <span class='ocrx_word' id='word_1_89' title='bbox 581 1083 652 1136; x_wconf 89' lang='lat' dir='ltr'>illud</span> <span class='ocrx_word' id='word_1_90' title='bbox 663 1084 789 1135; x_wconf 87' lang='lat' dir='ltr'>odiosum</span> <span class='ocrx_word' id='word_1_91' title='bbox 801 1089 858 1144; x_wconf 90' lang='lat' dir='ltr'>est,</span> <span class='ocrx_word' id='word_1_92' title='bbox 879 1080 997 1148; x_wconf 79' lang='lat' dir='ltr'>quadiu</span> 
     </span>
     <span class='ocr_line' id='line_1_15' title="bbox 195 1150 998 1218; baseline -0.004 -15"><span class='ocrx_word' id='word_1_93' title='bbox 195 1150 379 1203; x_wconf 79' lang='lat' dir='ltr'>hacclaticne</span> <span class='ocrx_word' id='word_1_94' title='bbox 389 1156 417 1203; x_wconf 88' lang='lat' dir='ltr'>et</span> <span class='ocrx_word' id='word_1_95' title='bbox 430 1153 621 1218; x_wconf 74' lang='lat' dir='ltr'>pinguitudine</span> <span class='ocrx_word' id='word_1_96' title='bbox 631 1154 717 1204; x_wconf 82' lang='lat' dir='ltr'>animi</span> <span class='ocrx_word' id='word_1_97' title='bbox 733 1152 865 1204; x_wconf 84' lang='lat' dir='ltr'>facillime</span> <span class='ocrx_word' id='word_1_98' title='bbox 876 1150 998 1218; x_wconf 73' lang='lat' dir='ltr'>pentina·</span> 
     </span>
     <span class='ocr_line' id='line_1_16' title="bbox 195 1218 999 1290; baseline -0.004 -18"><span class='ocrx_word' id='word_1_99' title='bbox 195 1221 240 1272; x_wconf 86' lang='lat' dir='ltr'>cia</span> <span class='ocrx_word' id='word_1_100' title='bbox 260 1224 289 1270; x_wconf 89' lang='lat' dir='ltr'>et</span> <span class='ocrx_word' id='word_1_101' title='bbox 308 1218 394 1271; x_wconf 85' lang='lat' dir='ltr'>nimia</span> <span class='ocrx_word' id='word_1_102' title='bbox 413 1220 551 1287; x_wconf 78' lang='lat' dir='ltr'>cupiditas</span> <span class='ocrx_word' id='word_1_103' title='bbox 572 1223 740 1290; x_wconf 73' lang='lat' dir='ltr'>plincipatut</span> <span class='ocrx_word' id='word_1_104' title='bbox 759 1221 923 1272; x_wconf 78' lang='lat' dir='ltr'>innascitur.</span> <span class='ocrx_word' id='word_1_105' title='bbox 959 1218 999 1270; x_wconf 78' lang='lat' dir='ltr'>Ut</span> 
     </span>
     <span class='ocr_line' id='line_1_17' title="bbox 195 1288 1000 1369; baseline -0.002 -28"><span class='ocrx_word' id='word_1_106' title='bbox 195 1288 268 1341; x_wconf 85' lang='lat' dir='ltr'>caim</span> <span class='ocrx_word' id='word_1_107' title='bbox 280 1288 353 1369; x_wconf 78' lang='lat' dir='ltr'>uppd</span> <span class='ocrx_word' id='word_1_108' title='bbox 362 1288 506 1343; x_wconf 79' lang='lat' dir='ltr'>Platonem</span> <span class='ocrx_word' id='word_1_109' title='bbox 517 1298 569 1355; x_wconf 85' lang='lat' dir='ltr'>est,</span> <span class='ocrx_word' id='word_1_110' title='bbox 590 1308 692 1346; x_wconf 82' lang='lat' dir='ltr'>amnem</span> <span class='ocrx_word' id='word_1_111' title='bbox 701 1307 803 1344; x_wconf 77' lang='lat' dir='ltr'>marem</span> <span class='ocrx_word' id='word_1_112' title='bbox 815 1290 1000 1341; x_wconf 78' lang='lat' dir='ltr'>Lacedaemo·</span> 
     </span>
    </p>
   </div>
   <div class='ocr_carea' id='block_1_5' title="bbox 105 1356 1002 1430">
    <p class='ocr_par' dir='ltr' id='par_1_6' title="bbox 105 1356 1002 1430">
     <span class='ocr_line' id='line_1_18' title="bbox 105 1356 1002 1430; baseline -0.004 -18"><span class='ocrx_word' id='word_1_113' title='bbox 105 1387 114 1394; x_wconf 87' lang='lat'><em>-</em></span> <span class='ocrx_word' id='word_1_114' title='bbox 195 1358 303 1412; x_wconf 75' lang='lat' dir='ltr'>siarum</span> <span class='ocrx_word' id='word_1_115' title='bbox 314 1356 513 1430; x_wconf 69' lang='lat' dir='ltr'>inflammatam</span> <span class='ocrx_word' id='word_1_116' title='bbox 527 1378 582 1414; x_wconf 80' lang='lat' dir='ltr'>esse</span> <span class='ocrx_word' id='word_1_117' title='bbox 593 1360 745 1429; x_wconf 77' lang='lat' dir='ltr'>cupiditate</span> <span class='ocrx_word' id='word_1_118' title='bbox 754 1359 894 1412; x_wconf 66' lang='lat' dir='ltr'>ancenla-</span> <span class='ocrx_word' id='word_1_119' title='bbox 905 1359 957 1420; x_wconf 86' lang='lat' dir='ltr'>sic,</span> <span class='ocrx_word' id='word_1_120' title='bbox 968 1361 1002 1409; x_wconf 77' lang='lat' dir='ltr'>ut</span> 
     </span>
    </p>
   </div>
   <div class='ocr_carea' id='block_1_6' title="bbox 128 1426 1005 2735">
    <p class='ocr_par' dir='ltr' id='par_1_7' title="bbox 128 1426 1005 2735">
     <span class='ocr_line' id='line_1_19' title="bbox 196 1426 1001 1495; baseline 0.001 -18"><span class='ocrx_word' id='word_1_121' title='bbox 196 1427 312 1494; x_wconf 89' lang='lat' dir='ltr'>quisque</span> <span class='ocrx_word' id='word_1_122' title='bbox 322 1426 409 1478; x_wconf 85' lang='lat' dir='ltr'>animi</span> <span class='ocrx_word' id='word_1_123' title='bbox 419 1429 611 1495; x_wconf 77' lang='lat' dir='ltr'>magnitudine</span> <span class='ocrx_word' id='word_1_124' title='bbox 622 1429 742 1482; x_wconf 85' lang='lat' dir='ltr'>maxime</span> <span class='ocrx_word' id='word_1_125' title='bbox 751 1428 873 1490; x_wconf 84' lang='lat' dir='ltr'>excellit,</span> <span class='ocrx_word' id='word_1_126' title='bbox 888 1426 1001 1479; x_wconf 66' lang='lat' dir='ltr'>iuma-</span> 
     </span>
     <span class='ocr_line' id='line_1_20' title="bbox 195 1496 1000 1567; baseline 0.001 -18"><span class='ocrx_word' id='word_1_127' title='bbox 195 1496 271 1559; x_wconf 78' lang='lat' dir='ltr'>xime</span> <span class='ocrx_word' id='word_1_128' title='bbox 287 1497 348 1548; x_wconf 87' lang='lat' dir='ltr'>vult</span> <span class='ocrx_word' id='word_1_129' title='bbox 361 1496 489 1565; x_wconf 81' lang='lat' dir='ltr'>princeps</span> <span class='ocrx_word' id='word_1_130' title='bbox 504 1502 641 1564; x_wconf 86' lang='lat' dir='ltr'>amnium,</span> <span class='ocrx_word' id='word_1_131' title='bbox 661 1498 707 1551; x_wconf 82' lang='lat' dir='ltr'>vel</span> <span class='ocrx_word' id='word_1_132' title='bbox 721 1498 816 1567; x_wconf 86' lang='lat' dir='ltr'>potius</span> <span class='ocrx_word' id='word_1_133' title='bbox 833 1497 910 1549; x_wconf 83' lang='lat' dir='ltr'>solus</span> <span class='ocrx_word' id='word_1_134' title='bbox 927 1510 1000 1550; x_wconf 80' lang='lat' dir='ltr'>esse.</span> 
     </span>
     <span class='ocr_line' id='line_1_21' title="bbox 195 1565 1002 1637; baseline 0 -19"><span class='ocrx_word' id='word_1_135' title='bbox 195 1565 317 1618; x_wconf 78' lang='lat' dir='ltr'>Difficile</span> <span class='ocrx_word' id='word_1_136' title='bbox 328 1572 486 1630; x_wconf 85' lang='lat' dir='ltr'>estautem,</span> <span class='ocrx_word' id='word_1_137' title='bbox 507 1584 591 1634; x_wconf 89' lang='lat' dir='ltr'>quum</span> <span class='ocrx_word' id='word_1_138' title='bbox 608 1576 751 1637; x_wconf 75' lang='lat' dir='ltr'>praestans</span> <span class='ocrx_word' id='word_1_139' title='bbox 761 1568 889 1621; x_wconf 76' lang='lat' dir='ltr'>ominibus</span> <span class='ocrx_word' id='word_1_140' title='bbox 898 1580 1002 1618; x_wconf 82' lang='lat' dir='ltr'>cauca·</span> 
     </span>
     <span class='ocr_line' id='line_1_22' title="bbox 195 1635 1002 1704; baseline 0.001 -17"><span class='ocrx_word' id='word_1_141' title='bbox 195 1635 290 1702; x_wconf 84' lang='lat' dir='ltr'>pieria,</span> <span class='ocrx_word' id='word_1_142' title='bbox 300 1650 412 1688; x_wconf 83' lang='lat' dir='ltr'>servare</span> <span class='ocrx_word' id='word_1_143' title='bbox 422 1637 600 1703; x_wconf 81' lang='lat' dir='ltr'>aequitatem,</span> <span class='ocrx_word' id='word_1_144' title='bbox 612 1653 681 1704; x_wconf 82' lang='lat' dir='ltr'>quae</span> <span class='ocrx_word' id='word_1_145' title='bbox 691 1643 735 1690; x_wconf 88' lang='lat' dir='ltr'>est</span> <span class='ocrx_word' id='word_1_146' title='bbox 744 1636 1002 1688; x_wconf 80' lang='lat' dir='ltr'>iustitiaemaxime</span> 
     </span>
     <span class='ocr_line' id='line_1_23' title="bbox 128 1705 1001 1774; baseline -0.001 -19"><span class='ocrx_word' id='word_1_147' title='bbox 128 1718 131 1722; x_wconf 84' lang='grc'><em>·</em></span> <span class='ocrx_word' id='word_1_148' title='bbox 196 1705 319 1771; x_wconf 68' lang='lat' dir='ltr'>propria</span> <span class='ocrx_word' id='word_1_149' title='bbox 347 1706 453 1772; x_wconf 84' lang='lat' dir='ltr'>Exque</span> <span class='ocrx_word' id='word_1_150' title='bbox 464 1707 646 1774; x_wconf 57' lang='lat' dir='ltr'>§tutaeque</span> <span class='ocrx_word' id='word_1_151' title='bbox 657 1706 862 1773; x_wconf 85' lang='lat' dir='ltr'>disceptatione</span> <span class='ocrx_word' id='word_1_152' title='bbox 872 1705 1001 1767; x_wconf 71' lang='lat' dir='ltr'>sincisa,</span> 
     </span>
     <span class='ocr_line' id='line_1_24' title="bbox 197 1772 1001 1843; baseline -0.002 -18"><span class='ocrx_word' id='word_1_153' title='bbox 197 1789 249 1825; x_wconf 85' lang='lat' dir='ltr'>nec</span> <span class='ocrx_word' id='word_1_154' title='bbox 268 1774 327 1833; x_wconf 84' lang='lat' dir='ltr'>ullc</span> <span class='ocrx_word' id='word_1_155' title='bbox 348 1774 459 1841; x_wconf 84' lang='lat' dir='ltr'>publico</span> <span class='ocrx_word' id='word_1_156' title='bbox 479 1790 512 1826; x_wconf 87' lang='lat' dir='ltr'>ac</span> <span class='ocrx_word' id='word_1_157' title='bbox 528 1776 654 1843; x_wconf 78' lang='lat' dir='ltr'>legitimo</span> <span class='ocrx_word' id='word_1_158' title='bbox 671 1777 733 1828; x_wconf 80' lang='lat' dir='ltr'>iure</span> <span class='ocrx_word' id='word_1_159' title='bbox 747 1775 904 1841; x_wconf 84' lang='lat' dir='ltr'>patiantur:</span> <span class='ocrx_word' id='word_1_160' title='bbox 927 1772 1001 1825; x_wconf 85' lang='lat' dir='ltr'>exsi-</span> 
     </span>
     <span class='ocr_line' id='line_1_25' title="bbox 197 1842 1000 1912; baseline 0 -19"><span class='ocrx_word' id='word_1_161' title='bbox 197 1847 329 1909; x_wconf 83' lang='lat' dir='ltr'>stuntque</span> <span class='ocrx_word' id='word_1_162' title='bbox 337 1844 366 1894; x_wconf 88' lang='lat' dir='ltr'>ia</span> <span class='ocrx_word' id='word_1_163' title='bbox 375 1844 519 1910; x_wconf 78' lang='lat' dir='ltr'>republica</span> <span class='ocrx_word' id='word_1_164' title='bbox 529 1845 691 1911; x_wconf 85' lang='lat' dir='ltr'>plerumque</span> <span class='ocrx_word' id='word_1_165' title='bbox 701 1845 850 1912; x_wconf 83' lang='lat' dir='ltr'>largitores</span> <span class='ocrx_word' id='word_1_166' title='bbox 861 1848 890 1894; x_wconf 84' lang='lat' dir='ltr'>et</span> <span class='ocrx_word' id='word_1_167' title='bbox 900 1842 1000 1893; x_wconf 84' lang='lat' dir='ltr'>factio·</span> 
     </span>
     <span class='ocr_line' id='line_1_26' title="bbox 196 1910 1001 1980; baseline 0.001 -20"><span class='ocrx_word' id='word_1_168' title='bbox 196 1910 235 1971; x_wconf 89' lang='lat' dir='ltr'>ai,</span> <span class='ocrx_word' id='word_1_169' title='bbox 255 1916 286 1962; x_wconf 88' lang='lat' dir='ltr'>ut</span> <span class='ocrx_word' id='word_1_170' title='bbox 298 1926 365 1979; x_wconf 85' lang='lat' dir='ltr'>apes</span> <span class='ocrx_word' id='word_1_171' title='bbox 376 1928 457 1979; x_wconf 87' lang='lat' dir='ltr'>quam</span> <span class='ocrx_word' id='word_1_172' title='bbox 472 1915 610 1964; x_wconf 73' lang='lat' dir='ltr'>maxianus</span> <span class='ocrx_word' id='word_1_173' title='bbox 626 1919 841 1980; x_wconf 83' lang='lat' dir='ltr'>consequantur,</span> <span class='ocrx_word' id='word_1_174' title='bbox 863 1917 893 1964; x_wconf 83' lang='lat' dir='ltr'>et</span> <span class='ocrx_word' id='word_1_175' title='bbox 903 1912 960 1962; x_wconf 86' lang='lat' dir='ltr'>sint</span> <span class='ocrx_word' id='word_1_176' title='bbox 972 1910 1001 1962; x_wconf 74' lang='lat' dir='ltr'>si</span> 
     </span>
     <span class='ocr_line' id='line_1_27' title="bbox 197 1977 1002 2050; baseline 0.001 -21"><span class='ocrx_word' id='word_1_177' title='bbox 197 1979 291 2045; x_wconf 82' lang='lat' dir='ltr'>potius</span> <span class='ocrx_word' id='word_1_178' title='bbox 301 1983 468 2047; x_wconf 77' lang='lat' dir='ltr'>superiores,</span> <span class='ocrx_word' id='word_1_179' title='bbox 479 1997 560 2048; x_wconf 85' lang='lat' dir='ltr'>quam</span> <span class='ocrx_word' id='word_1_180' title='bbox 570 1983 675 2033; x_wconf 82' lang='lat' dir='ltr'>iustitia</span> <span class='ocrx_word' id='word_1_181' title='bbox 685 1997 774 2050; x_wconf 79' lang='lat' dir='ltr'>paras.</span> <span class='ocrx_word' id='word_1_182' title='bbox 811 1980 868 2033; x_wconf 83' lang='lat' dir='ltr'>Sed</span> <span class='ocrx_word' id='word_1_183' title='bbox 878 1996 935 2047; x_wconf 89' lang='lat' dir='ltr'>quc</span> <span class='ocrx_word' id='word_1_184' title='bbox 946 1977 1002 2030; x_wconf 79' lang='lat' dir='ltr'>uir·</span> 
     </span>
     <span class='ocr_line' id='line_1_28' title="bbox 197 2046 1002 2117; baseline 0.009 -19"><span class='ocrx_word' id='word_1_185' title='bbox 197 2046 312 2110; x_wconf 83' lang='lat' dir='ltr'>licilius,</span> <span class='ocrx_word' id='word_1_186' title='bbox 333 2049 387 2100; x_wconf 87' lang='lat' dir='ltr'>hcc</span> <span class='ocrx_word' id='word_1_187' title='bbox 401 2051 580 2117; x_wconf 78' lang='lat' dir='ltr'>praeclarius.</span> <span class='ocrx_word' id='word_1_188' title='bbox 616 2051 730 2104; x_wconf 87' lang='lat' dir='ltr'>Nullum</span> <span class='ocrx_word' id='word_1_189' title='bbox 741 2056 785 2103; x_wconf 89' lang='lat' dir='ltr'>est</span> <span class='ocrx_word' id='word_1_190' title='bbox 796 2049 869 2103; x_wconf 88' lang='lat' dir='ltr'>enim</span> <span class='ocrx_word' id='word_1_191' title='bbox 879 2055 1002 2115; x_wconf 74' lang='lat' dir='ltr'>tempus.</span> 
     </span>
     <span class='ocr_line' id='line_1_29' title="bbox 198 2115 1003 2186; baseline 0.004 -21"><span class='ocrx_word' id='word_1_192' title='bbox 198 2115 272 2182; x_wconf 81' lang='lat' dir='ltr'>qued</span> <span class='ocrx_word' id='word_1_193' title='bbox 282 2117 392 2169; x_wconf 84' lang='lat' dir='ltr'>iustitia</span> <span class='ocrx_word' id='word_1_194' title='bbox 401 2135 500 2171; x_wconf 82' lang='lat' dir='ltr'>vacare</span> <span class='ocrx_word' id='word_1_195' title='bbox 511 2121 620 2173; x_wconf 86' lang='lat' dir='ltr'>debeat.</span> <span class='ocrx_word' id='word_1_196' title='bbox 643 2119 685 2173; x_wconf 79' lang='grc'>65.</span> <span class='ocrx_word' id='word_1_197' title='bbox 697 2120 797 2171; x_wconf 83' lang='lat' dir='ltr'>Fortes</span> <span class='ocrx_word' id='word_1_198' title='bbox 806 2119 893 2186; x_wconf 82' lang='lat' dir='ltr'>igitur</span> <span class='ocrx_word' id='word_1_199' title='bbox 902 2125 934 2170; x_wconf 88' lang='lat' dir='ltr'>et</span> <span class='ocrx_word' id='word_1_200' title='bbox 943 2130 1003 2168; x_wconf 80' lang='lat' dir='ltr'>ma·</span> 
     </span>
     <span class='ocr_line' id='line_1_30' title="bbox 198 2184 1003 2256; baseline 0.005 -22"><span class='ocrx_word' id='word_1_201' title='bbox 198 2184 321 2251; x_wconf 85' lang='lat' dir='ltr'>gnauimi</span> <span class='ocrx_word' id='word_1_202' title='bbox 330 2193 394 2239; x_wconf 83' lang='lat' dir='ltr'>suat</span> <span class='ocrx_word' id='word_1_203' title='bbox 404 2187 534 2251; x_wconf 87' lang='lat' dir='ltr'>habendi,</span> <span class='ocrx_word' id='word_1_204' title='bbox 548 2204 611 2252; x_wconf 88' lang='lat' dir='ltr'>non,</span> <span class='ocrx_word' id='word_1_205' title='bbox 629 2190 676 2256; x_wconf 90' lang='lat' dir='ltr'>qui</span> <span class='ocrx_word' id='word_1_206' title='bbox 686 2188 802 2251; x_wconf 81' lang='lat' dir='ltr'>iaciunt,</span> <span class='ocrx_word' id='word_1_207' title='bbox 817 2187 868 2240; x_wconf 85' lang='lat' dir='ltr'>sed</span> <span class='ocrx_word' id='word_1_208' title='bbox 879 2188 927 2254; x_wconf 87' lang='lat' dir='ltr'>qui</span> <span class='ocrx_word' id='word_1_209' title='bbox 938 2198 1003 2253; x_wconf 84' lang='lat' dir='ltr'>pra·</span> 
     </span>
     <span class='ocr_line' id='line_1_31' title="bbox 198 2253 1003 2326; baseline 0.006 -22"><span class='ocrx_word' id='word_1_210' title='bbox 198 2253 458 2320; x_wconf 80' lang='lat' dir='ltr'>pulsantinimiam.</span> <span class='ocrx_word' id='word_1_211' title='bbox 493 2256 570 2311; x_wconf 86' lang='lat' dir='ltr'>Vera</span> <span class='ocrx_word' id='word_1_212' title='bbox 580 2258 836 2326; x_wconf 60' lang='lat' dir='ltr'>autemet‘sapiens</span> <span class='ocrx_word' id='word_1_213' title='bbox 845 2256 935 2308; x_wconf 85' lang='lat' dir='ltr'>animi</span> <span class='ocrx_word' id='word_1_214' title='bbox 944 2268 1003 2309; x_wconf 73' lang='lat' dir='ltr'>ma·</span> 
     </span>
     <span class='ocr_line' id='line_1_32' title="bbox 198 2322 1003 2395; baseline 0.004 -23"><span class='ocrx_word' id='word_1_215' title='bbox 198 2323 323 2388; x_wconf 83' lang='lat' dir='ltr'>guitudo,</span> <span class='ocrx_word' id='word_1_216' title='bbox 334 2322 480 2377; x_wconf 87' lang='lat' dir='ltr'>honestum</span> <span class='ocrx_word' id='word_1_217' title='bbox 490 2326 570 2389; x_wconf 88' lang='lat' dir='ltr'>illud,</span> <span class='ocrx_word' id='word_1_218' title='bbox 580 2327 653 2395; x_wconf 87' lang='lat' dir='ltr'>qued</span> <span class='ocrx_word' id='word_1_219' title='bbox 664 2327 785 2378; x_wconf 84' lang='lat' dir='ltr'>maxime</span> <span class='ocrx_word' id='word_1_220' title='bbox 795 2324 1003 2391; x_wconf 81' lang='lat' dir='ltr'>natumsequi·</span> 
     </span>
     <span class='ocr_line' id='line_1_33' title="bbox 196 2392 1004 2462; baseline 0.002 -20"><span class='ocrx_word' id='word_1_221' title='bbox 196 2399 250 2455; x_wconf 84' lang='lat' dir='ltr'>tur,</span> <span class='ocrx_word' id='word_1_222' title='bbox 270 2392 299 2444; x_wconf 87' lang='lat' dir='ltr'>in</span> <span class='ocrx_word' id='word_1_223' title='bbox 309 2393 391 2445; x_wconf 79' lang='lat' dir='ltr'>factis</span> <span class='ocrx_word' id='word_1_224' title='bbox 401 2395 535 2460; x_wconf 85' lang='lat' dir='ltr'>pesitum,</span> <span class='ocrx_word' id='word_1_225' title='bbox 553 2410 608 2446; x_wconf 89' lang='lat' dir='ltr'>non</span> <span class='ocrx_word' id='word_1_226' title='bbox 620 2397 648 2446; x_wconf 89' lang='lat' dir='ltr'>in</span> <span class='ocrx_word' id='word_1_227' title='bbox 659 2396 751 2462; x_wconf 77' lang='lat' dir='ltr'>gloria</span> <span class='ocrx_word' id='word_1_228' title='bbox 761 2395 866 2446; x_wconf 86' lang='lat' dir='ltr'>iudicat</span> <span class='ocrx_word' id='word_1_229' title='bbox 871 2411 878 2458; x_wconf 83' lang='lat'><em>3</em></span> <span class='ocrx_word' id='word_1_230' title='bbox 897 2392 1004 2458; x_wconf 81' lang='lat' dir='ltr'>priuci-</span> 
     </span>
     <span class='ocr_line' id='line_1_34' title="bbox 196 2458 1005 2528; baseline 0.004 -18"><span class='ocrx_word' id='word_1_231' title='bbox 196 2476 313 2526; x_wconf 81' lang='lat' dir='ltr'>pemque</span> <span class='ocrx_word' id='word_1_232' title='bbox 322 2478 353 2511; x_wconf 81' lang='lat' dir='ltr'>ae</span> <span class='ocrx_word' id='word_1_233' title='bbox 363 2469 423 2515; x_wconf 85' lang='lat' dir='ltr'>esse</span> <span class='ocrx_word' id='word_1_234' title='bbox 431 2464 546 2522; x_wconf 83' lang='lat' dir='ltr'>mavult,</span> <span class='ocrx_word' id='word_1_235' title='bbox 558 2470 640 2528; x_wconf 78' lang='lat' dir='ltr'>quam</span> <span class='ocrx_word' id='word_1_236' title='bbox 650 2462 747 2513; x_wconf 71' lang='lat' dir='ltr'>sideni</span> <span class='ocrx_word' id='word_1_237' title='bbox 782 2464 895 2512; x_wconf 81' lang='lat' dir='ltr'>Etenim</span> <span class='ocrx_word' id='word_1_238' title='bbox 907 2458 957 2528; x_wconf 83' lang='lat' dir='ltr'>qui</span> <span class='ocrx_word' id='word_1_239' title='bbox 966 2472 1005 2513; x_wconf 72' lang='lat' dir='ltr'>er</span> 
     </span>
     <span class='ocr_line' id='line_1_35' title="bbox 197 2529 1004 2596; baseline 0 -15"><span class='ocrx_word' id='word_1_240' title='bbox 197 2529 644 2594; x_wconf 77' lang='lat' dir='ltr'>errore-imperitaemultitudinis</span> <span class='ocrx_word' id='word_1_241' title='bbox 655 2529 771 2595; x_wconf 85' lang='lat' dir='ltr'>pendet,</span> <span class='ocrx_word' id='word_1_242' title='bbox 792 2529 877 2581; x_wconf 87' lang='lat' dir='ltr'>hicin</span> <span class='ocrx_word' id='word_1_243' title='bbox 887 2529 1004 2596; x_wconf 79' lang='lat' dir='ltr'>magnis</span> 
     </span>
     <span class='ocr_line' id='line_1_36' title="bbox 198 2596 1003 2651; baseline 0.006 -5"><span class='ocrx_word' id='word_1_244' title='bbox 198 2597 263 2647; x_wconf 78' lang='lat' dir='ltr'>ciris</span> <span class='ocrx_word' id='word_1_245' title='bbox 275 2612 330 2648; x_wconf 89' lang='lat' dir='ltr'>ncn</span> <span class='ocrx_word' id='word_1_246' title='bbox 345 2604 388 2647; x_wconf 87' lang='lat' dir='ltr'>est</span> <span class='ocrx_word' id='word_1_247' title='bbox 399 2596 549 2648; x_wconf 86' lang='lat' dir='ltr'>habendus.</span> <span class='ocrx_word' id='word_1_248' title='bbox 586 2599 736 2651; x_wconf 71' lang='lat' dir='ltr'>Facillime</span> <span class='ocrx_word' id='word_1_249' title='bbox 747 2604 839 2650; x_wconf 79' lang='lat' dir='ltr'>nutem</span> <span class='ocrx_word' id='word_1_250' title='bbox 855 2598 890 2649; x_wconf 88' lang='lat' dir='ltr'>ad</span> <span class='ocrx_word' id='word_1_251' title='bbox 901 2614 950 2651; x_wconf 86' lang='lat' dir='ltr'>rea</span> <span class='ocrx_word' id='word_1_252' title='bbox 961 2598 1003 2650; x_wconf 87' lang='lat' dir='ltr'>in·</span> 
     </span>
     <span class='ocr_line' id='line_1_37' title="bbox 196 2665 1004 2735; baseline 0.007 -18"><span class='ocrx_word' id='word_1_253' title='bbox 196 2666 287 2726; x_wconf 82' lang='lat' dir='ltr'>iustas</span> <span class='ocrx_word' id='word_1_254' title='bbox 300 2665 518 2735; x_wconf 59' lang='lat' dir='ltr'>impenitentis</span> <span class='ocrx_word' id='word_1_255' title='bbox 540 2666 656 2735; x_wconf 82' lang='lat' dir='ltr'>quisque</span> <span class='ocrx_word' id='word_1_256' title='bbox 674 2667 811 2720; x_wconf 84' lang='lat' dir='ltr'>altissima</span> <span class='ocrx_word' id='word_1_257' title='bbox 830 2668 925 2722; x_wconf 83' lang='lat' dir='ltr'>enimc</span> <span class='ocrx_word' id='word_1_258' title='bbox 947 2671 1004 2731; x_wconf 78' lang='lat' dir='ltr'>cai.</span> 
     </span>
    </p>
   </div>
   <div class='ocr_carea' id='block_1_7' title="bbox 0 0 1054 3025">
    <p class='ocr_par' dir='ltr' id='par_1_8' title="bbox 0 0 1054 3025">
     <span class='ocr_line' id='line_1_38' title="bbox 0 0 1054 3025; baseline 0 0"><span class='ocrx_word' id='word_1_259' title='bbox 0 0 1054 3025; x_wconf 95' lang='lat' dir='ltr'> </span> 
     </span>
    </p>
   </div>
  </div>
 </body>
</html>
