2084 3025
413 21 420 48 l

207 172 347 237 aiau.
383 172 630 254 caumana.
768 174 822 232 au
904 175 909 182 ’

32 277 151 339 naxium,
175 277 265 344 legem
278 278 315 329 ad
326 279 458 345 populoru
469 280 536 339 tulit
550 295 624 342 cam,
644 294 714 347 quae
730 286 824 333 canta

33 347 100 400 iotis
112 348 336 413 comitiisprima
346 349 406 408 lata
416 357 467 411 ost,
477 366 511 401 nc
522 351 584 416 quis
595 351 775 416 magistratus
787 349 825 401 ci·

36 434 81 469 eni
93 417 251 485 Romanum
263 418 396 470 adversus
412 420 768 485 provocationemnecaret
778 435 825 472 uo

35 506 52 539 e
63 489 231 539 verberaret.
267 486 517 550 „Provocationem
534 487 625 542 autem
641 490 726 541 etiam
743 505 760 540 a
770 485 822 540 Re·¹

35 558 116 623 gibos
131 556 217 610 fuisse
229 557 373 610 declarant
388 560 526 625 pontificii
544 559 643 621 libri·,“
665 559 823 624 significant

36 627 108 678 ostri
118 628 202 678 etiam
214 629 374 696 augurales:
385 630 506 696 itemque
514 628 747 682 abomoiiudicio
759 641 824 693 poe·

34 713 109 764 aquo
120 703 265 763 provocari
272 700 370 764 licere,
384 699 509 760 indicant
519 714 563 758 χιι
574 697 824 763 tabubaocomplo·

32 770 95 818 ibus
107 767 228 834 legibusi
239 775 278 830 ut,
290 769 516 836 quoupmditun
528 769 664 832 promocio
672 774 725 830 cst,
745 765 825 818 mir

32 854 73 898 os,
84 836 132 903 qui
143 833 402 905 legeszsc'ripserint,
424 839 483 890 sine
494 838 694 905 provocatione
706 840 825 896 creatos,

32 908 87 957 atis
108 908 271 971 ostenderit,
291 910 415 976 reliquos
437 910 497 964 sine
518 909 717 975 provocatione
737 904 825 972 iruangi-

32 983 121 1028 tratus
132 993 185 1026 non
202 977 301 1030 fuisse:
321 979 454 1046 Luciique
465 977 665 1039 ValeriiPotiti
675 983 703 1029 ei
714 976 754 1030 Μ.
763 974 824 1025 llo·

32 1046 227 1109 aurbun-bati,
242 1047 382 1099 hominum
395 1048 561 1100 concordiae
573 1063 671 1107 caussa
681 1046 825 1112 sapienter

33 1115 192 1181 opularlmu
204 1120 365 1186 Consularis
379 1119 429 1171 lox
445 1119 551 1182 sanxit,
573 1134 607 1170 nc
618 1116 824 1185 quilmagistra·
848 1158 851 1162 .

32 1203 60 1236 rs
77 1185 137 1237 sinc
152 1189 351 1252 provocatione
366 1197 517 1241 crearetur.
554 1188 729 1256 Nequevero
745 1185 824 1252 leges

35 1255 144 1321 orciuc,
166 1273 237 1323 quae
248 1264 306 1309 tros
315 1257 474 1313 suntstrium
486 1258 666 1322 Porciorum,
686 1264 718 1307 ut
732 1253 822 1313 scitis,

32 1325 290 1393 uidquampraeter
305 1329 478 1380 sanctionem
490 1329 646 1380 attuleruut
655 1327 731 1378 novi.
761 1325 824 1382 vlta·

32 1412 67 1447 ue
78 1393 225 1446 Publicola
236 1397 299 1466 lege
309 1398 360 1449 illa
370 1398 404 1456 (lc
415 1398 617 1464 provocatione
627 1397 749 1461 perlata,
764 1399 823 1445 sta·

36 1483 63 1518 m
76 1481 188 1531 secures
201 1466 234 1519 ‹le
246 1467 367 1527 fascibus
378 1467 452 1519 deuii
463 1467 559 1530 iussit,
569 1462 823 1533 postridicqucsibi

33 1537 150 1602 olbegam
160 1533 377 1603 Sp.Luc1·ctiu1a
387 1538 563 1604 subrogavit,
575 1551 694 1603 suosque
703 1534 738 1586 ml
750 1550 822 1595 eum,
904 1572 909 1583 .

34 1605 88 1656 rod
99 1613 161 1657 crat
172 1608 262 1658 maior
272 1617 348 1669 natu,
369 1608 483 1665 lictores
495 1606 616 1658 transire
627 1605 722 1657 iussit:
744 1602 823 1655 insti·

33 1679 121 1741 nitque
132 1677 251 1742 primus,
271 1685 302 1728 ut
312 1677 432 1744 singulis
443 1670 609 1728 Consulibus
621 1676 822 1734 alternisfmen·

36 1745 216 1798 bus'lictores
228 1749 387 1814 praeirent.
398 1763 432 1798 ne
443 1746 525 1812 plura
535 1747 657 1813 insignis
670 1753 762 1801 essent
773 1743 823 1792 im·

34 1816 84 1876 urii
93 1815 123 1865 in
131 1816 222 1882 libera
234 1816 346 1884 populo,
359 1832 439 1883 quam
451 1817 479 1866 in
491 1832 577 1883 regno
589 1815 718 1867 luissent.
736 1811 823 1864 Haud

36 1884 225 1948 ediocrisbie,
245 1895 277 1937 ut
289 1902 340 1954 ego
353 1886 462 1953 quidem
474 1886 617 1951 intelligo,
636 1884 752 1945 viriuit,
775 1882 822 1949 qui
872 1882 876 1901 ¹

38 1955 126 2011 edica
136 1948 268 2008 libertate
280 1954 385 2023 populo
400 1955 476 2018 pata,
497 1955 714 2017 faeiiiostenoit
725 1961 821 2005 aucto-

34 2032 125 2075 tatcm
137 2026 300 2093 principum.
336 2026 433 2091 Neque
444 2039 497 2090 ego
509 2024 579 2076 haec
590 2041 662 2077 nunc
672 2026 824 2076 sinecaus-

34 2120 40 2146 ι
53 2104 112 2145 tam
129 2103 226 2147 vetera
237 2095 357 2150 vobiset
369 2101 426 2145 tam
439 2095 566 2146 obsoleta
578 2094 708 2156 decant03
728 2092 778 2148 sed
789 2091 822 2142 il·

37 2165 146 2222 stribus
162 2166 192 2216 in
211 2165 337 2231 personis
353 2164 581 2230 temporibusque
590 2165 719 2230 exempla
734 2161 822 2213 homi-

35 2251 75 2287 rm
86 2230 356 2303 rerumqucllelinio,
364 2233 403 2304 ‘ad
416 2234 606 2301 quaereiiqua
616 2234 708 2286 oratio
720 2232 823 2297 ‹litiga-

39 2320 139 2363 rmeo.

60 2374 179 2426 XXXll.
208 2375 312 2427 Tenuit
327 2373 417 2440 igitur
436 2370 491 2424 hoe
503 2373 621 2425 instato
633 2370 751 2424 Senatus
763 2385 821 2433 reri)

35 2442 150 2494 iblicem
162 2445 335 2511 temporibus
346 2443 419 2505 illis3
433 2448 464 2497 ut
476 2444 505 2494 in
515 2443 619 2509 populo
632 2442 720 2492 libero
732 2455 820 2506 pauca

36 2531 58 2564 er
67 2513 214 2580 populum,
233 2516 365 2581 pleraque
377 2510 494 2564 Senatus
506 2513 683 2571 auctoritate,
703 2517 732 2562 et
743 2511 820 2561 insti·
889 2556 892 2562 ,
923 2516 927 2523 ’

39 2591 71 2634 to
83 2599 118 2634 ac
129 2599 208 2635 more
220 2590 396 2650 gererentur:
407 2588 491 2648 atque
502 2584 545 2634 uti
553 2581 688 2633 Consules
698 2586 821 2646 potcsta-

36 2671 64 2703 rn
88 2650 226 2704 haberent
248 2661 374 2719 ternpore
397 2652 543 2704 dumtaxat
563 2667 697 2712 annuam,
720 2664 821 2716 gernere

36 2739 68 2845 seo
88 2723 203 2845 azio}
221 2724 338 2793 regiam.
375 2722 510 2792 Quodque
522 2722 630 2845 “³th
642 2719 819 2774 obtinendam

64 2808 100 2845 rc.
140 2810 165 2846 r.
205 2833 211 2845 .
