2084 3025
236 163 251 178 ”
314 171 593 228 'annonarium
653 203 655 208 ·
808 173 859 230 1⁶5
914 221 917 236 ,

50 280 192 347 cupietem
204 282 232 332 et
243 278 401 343 molestam,
411 279 535 331 timeret:
545 294 633 345 nequo
647 294 707 340 eam
719 277 821 332 habere
830 280 861 332 in

48 350 232 401 matrimonio
245 348 633 415 propterfoeditatem,nequo
645 349 787 401 dimittere
799 366 860 417 pro-

47 427 117 488 pter
138 420 232 470 dotem
253 418 374 470 volebat.
411 419 508 485 ltaque
530 425 672 484 compecto
693 434 755 469 eum
771 426 862 472 matra

48 490 183 541 Bostaris
195 488 340 539 consssium
353 489 435 555 cepit,
446 497 477 540 ut
488 495 606 554 uterque
613 488 729 538 Romam
741 490 862 553 veniret3

45 559 92 609 ibi
104 575 135 609 so
148 558 268 623 aliquam
280 558 418 609 rationem
428 559 614 618 inventurum,
629 557 862 627 quemadmodum

47 625 134 679 illam
144 643 260 680 uxorem
271 625 393 690 duceret,
409 627 593 697 confirmarit.

105 697 132 749 9.
152 697 208 748 llic
219 698 314 763 opinio
327 696 390 759 fuit,
410 704 442 748 ut
453 698 527 759 dixi,
550 697 667 765 duplex,
681 710 739 747 una
749 711 804 747 non
816 698 861 750 ab·

47 767 170 820 horrens
188 763 209 817 a
227 772 303 825 statu
322 774 477 838 naturaque
495 783 598 831 rerum,
618 766 731 831 „Arinis
746 781 863 819 uxorem

43 836 226 903 „pellicatus
244 835 342 888 dolore
359 841 552 890 concitatam“
573 853 657 904 quum
669 837 794 889 audisset
804 836 863 889 Ari·

46 921 113 959 narn
128 922 189 957 cunr
200 906 250 956 illa
261 921 312 956 sua
323 913 414 959 metus
425 916 453 960 et
465 905 549 973 fugae
559 899 862 958 simulationell'omam

46 992 81 1028 se
94 976 260 1038 contulisse,
282 983 326 1038 ut,
347 992 432 1043 quum
452 984 535 1027 antea
546 976 717 1029 consuetudo
729 975 801 1026 inter
813 992 862 1027 eos

46 1046 162 1107 fuisset,
172 1051 230 1095 tum
242 1046 327 1097 etiam
337 1047 445 1113 nuptiis
453 1048 642 1115 iungerentur,
649 1047 753 1098 arsisse
764 1043 862 1096 doloro

7 1120 14 1136 ⁵
44 1115 183 1168 muliebri
195 1121 223 1167 et
233 1115 313 1176 mori,
325 1131 408 1184 quani
418 1116 446 1166 id
458 1117 567 1183 perpeti
577 1117 725 1180 maluisse,
762 1112 812 1166 10„
822 1116 861 1166 al·

44 1193 115 1238 tera
125 1199 182 1234 non
191 1185 282 1235 minus
291 1186 353 1236 veri
363 1186 461 1236 similis
472 1192 510 1247 et,
531 1193 562 1236 ut
574 1188 681 1252 opinor,
691 1186 720 1236 iu
730 1183 863 1236 Sardinia
934 1203 937 1208 >

44 1252 144 1319 magis
154 1254 239 1305 etiam
251 1254 365 1317 credita,
376 1256 487 1307 Arinem
499 1257 595 1317 istum,
605 1262 707 1307 testem
720 1261 804 1320 atque
814 1253 862 1303 ho·

44 1324 154 1391 spitem
161 1359 169 1385 ,
180 1325 287 1385 Triari,
299 1330 387 1387 tuum,
404 1325 628 1391 proticiscentem
638 1326 765 1385 Romam,
777 1336 862 1389 nego·

45 1396 123 1446 tium
135 1392 245 1445 dedisse
256 1394 369 1456 liberto,
386 1401 417 1444 ut
427 1395 474 1448 illi
484 1395 676 1446 aniculaenon
687 1393 737 1444 ille
750 1393 862 1459 quidem

44 1465 107 1518 sim
129 1462 244 1516 afferret
264 1459 378 1583 §neque
398 1465 469 1515 eninr
490 1470 552 1516 orat
572 1470 679 1515 rectum
695 1468 831 1530 patronae
853 1498 862 1523 ,

43 1533 125 1600 „sed
145 1534 248 1584 collum
285 1535 394 1602 irgitulis
411 1535 517 1585 duobus
530 1533 707 1595 obliderct,“
726 1529 862 1584 restioua

45 1603 191 1671 cingeret,
212 1609 244 1654 ut
266 1604 318 1654 illa
338 1605 442 1670 perisse
459 1604 609 1670 suspendio
625 1607 781 1668 putaretur.
817 1598 860 1651 11.

42 1673 153 1738 „Quae
174 1672 284 1739 quidem
305 1674 424 1739 suspicio
443 1674 534 1725 valuit
554 1674 642 1726 etiam
656 1673 718 1739 plus
738 1672 774 1723 ob
788 1670 861 1722 hanc

41 1779 63 1809 ‚‚
71 1757 211 1804 caussam,
223 1741 401 1810 quod,quum
413 1749 528 1811 agerem
538 1743 694 1811 parentalia
703 1741 863 1793 Norenses“

41 1826 200 1877 omnesque
211 1826 261 1864 suo
273 1810 351 1863 inore
362 1827 399 1864 ex
408 1814 511 1878 oppido
531 1814 667 1875 exissent,
684 1818 744 1863 tum
756 1811 808 1862 illa
819 1815 863 1862 est

42 1899 65 1934 a
78 1881 185 1933 liberto
197 1882 375 1949 suspendisse
390 1897 421 1933 se
433 1883 517 1934 dicta.
553 1883 701 1933 Discessus
712 1887 807 1933 autem
818 1894 862 1931 so·

43 1951 144 2005 litudo
157 1951 199 2012 ci,
220 1953 266 2018 qui
277 1959 424 2017 patronam
435 1951 599 2015 suffocabat,
621 1952 675 2003 fuit
686 1950 862 2019 quaerenda3

41 2021 106 2083 illi,
129 2032 200 2086 quae
215 2020 329 2072 volebat
345 2021 431 2082 mori,
454 2036 509 2073 nan
524 2022 587 2073 luit.
624 2019 666 2073 12.
689 2022 862 2073 Confirmata

40 2106 117 2144 vero
130 2090 252 2156 suspicio
264 2097 321 2153 est,
342 2089 417 2157 quod
438 2106 492 2142 anu
502 2099 615 2142 mortua
625 2092 743 2147 libertus
753 2091 861 2150 statim,
957 2120 959 2126 ι

41 2171 196 2226 tamquam
215 2176 301 2227 opere
321 2158 466 2222 confecto,
496 2162 613 2212 Romam
635 2168 679 2212 est
700 2159 861 2229 prolectus3

43 2233 114 2286 Aris
128 2236 236 2291 autem,
257 2230 379 2296 simulac
394 2229 512 2281 libertus
530 2231 564 2282 de
582 2238 674 2282 morte
683 2230 782 2281 uxoris
793 2243 862 2278 nun·

42 2301 154 2367 tiarit,¹
163 2301 296 2350 continuo
305 2299 412 2350 Romae
421 2307 539 2352 matrem
550 2300 629 2351 illam
640 2300 769 2352 Bostaris
781 2296 863 2348 duxit

42 2383 179 2422 uxorem.

102 2437 148 2490 13.
170 2438 221 2501 En,
241 2439 341 2505 quibus
352 2437 476 2500 familiis,
498 2454 580 2505 quam
592 2436 692 2499 foedis,
704 2450 787 2503 quam
798 2448 860 2486 con·

40 2508 204 2568 taminatis‚
227 2523 309 2575 quam
321 2509 450 2575 turpibus
462 2508 568 2559 dedatis
581 2506 653 2560 hano
663 2506 809 2565 familiam,
821 2504 862 2553 iu·

42 2578 145 2632 dices!
168 2594 215 2640 en,
236 2579 335 2644 quibus
354 2580 477 2631 testibus
487 2577 618 2629 commoti
631 2576 664 2628 de
676 2590 731 2642 quo
742 2572 863 2631 homine,

42 2651 83 2702 de
106 2662 162 2715 quo
185 2661 300 2714 genero,
323 2649 357 2700 de
379 2663 434 2715 quo
451 2650 563 2700 nomino
579 2641 862 2699 sentcntias'feratisl
947 2694 950 2701 ,

9 2729 13 2732 ’
43 2717 281 2774 Oblirisccndum
292 2718 371 2775 vobis
382 2721 490 2788 putatis
501 2725 622 2773 matrum
640 2718 670 2768 in
680 2716 803 2775 liberos,
823 2711 863 2762 vi·
