2084 3025
103 51 128 140 j
213 57 266 122 210
447 53 504 107 aa
526 52 580 106 aa
600 51 800 107 roseros..

213 160 329 227 ,‚ciliam
344 153 592 211 consenescens
606 156 786 226 Pythagorae
801 154 924 208 ins-eata
938 151 1026 223 perdi·

126 232 134 254 ⁸
213 238 318 294 sceret3
338 243 455 296 eumque
472 235 577 281 etcum
588 228 712 295 Archyta
723 227 899 289 Tarentino,
921 232 953 277 et
968 241 1026 277 cua

213 301 331 352 Timaeo
343 298 436 349 Locro
452 298 572 350 multum
587 295 687 361 hiisse3
707 302 736 348 et
745 294 876 347 Philolai
888 310 1027 347 commea·

212 371 303 422 turios
319 384 380 421 esse
396 372 520 419 nactum:
545 380 730 433 quemqueen
747 372 879 432 ternpore
896 365 929 416 iu
940 363 983 416 his
992 363 1027 415 lo·

214 439 256 491 cis
267 437 447 507 Pythagorae
457 452 556 488 nomen
566 437 682 503 vigeret,
694 436 774 485 illum
784 450 816 487 se
827 442 856 486 et
867 433 1028 485 bominibus

214 507 402 576 Pythagoreis
422 512 450 559 et
472 505 573 556 studiis
592 506 650 555 illis
670 504 787 555 dedisse.
826 505 932 571 ltaque
949 517 1028 570 quum

216 575 361 642 Socratem
373 577 453 627 unice
464 575 624 637 dilexisset3
646 574 726 641 eique
736 574 831 625 omnia
842 575 978 641 tribuere
987 587 1027 622 ro

214 646 329 709 luisset,
350 646 473 712 leporem
484 643 658 695 Socraticum
668 642 920 710 subtilitatemque
932 657 1028 694 sermo·

189 725 192 729 “
215 716 260 768 ais
272 731 334 768 cam
345 715 515 778 obscuritate
524 711 704 780 Pythagorae
715 718 744 764 et
755 712 887 765 camilla
898 712 1027 781 pluriora·

215 800 278 837 rum
290 784 393 838 artium
406 784 546 850 gratitate
557 783 707 834 contexuit.

214 875 226 882 ‘⁶
268 852 316 906 Xl.
337 852 525 919 llaec'Scipio
548 867 632 919 quum
649 851 779 913 dixisset,
800 850 836 903 L.
854 849 979 902 Furium
992 862 1027 900 re

182 950 185 955 ·
216 935 301 993 pente
311 923 467 975 venientem
479 921 622 988 adspexit3
641 936 758 989 eumque
767 927 799 972 ut
811 920 958 973 salutasdt
969 918 1030 972 ani·

217 994 329 1047 tissime
349 990 532 1058 apprehendit
548 997 576 1042 et
590 992 620 1041 in
634 991 708 1042 lecto
723 1004 773 1042 sua
790 990 964 1043 collocavit.
998 989 1029 1040 Et

217 1060 427 1132 quamsimulP.
434 1060 691 1121 Rutiliusveuisset,
702 1060 748 1126 qui
756 1061 893 1112 estncbis
900 1061 1027 1111 laudatus

216 1132 353 1186 sermonis
364 1137 464 1181 auctor
482 1145 569 1196 „eum
583 1144 691 1196 quoque
703 1135 734 1179 ut
744 1129 898 1192 salutavit,
920 1134 1027 1197 propter

173 1247 176 1251 A
214 1201 413 1266 „Tuberonem
422 1199 505 1250 iussit
517 1200 668 1251 assidere.“
679 1201 751 1250 Turn
761 1198 884 1251 Furius:
899 1199 977 1261 Quid
987 1212 1026 1248 ros

140 1284 141 1287 ’
179 1302 185 1317 2
219 1270 321 1339 agitis?
341 1284 405 1320 num
416 1283 571 1320 sermonem
588 1273 710 1320 vestrum
721 1268 844 1334 aliquem
856 1268 981 1320 diremit
989 1281 1027 1316 ne

136 1392 138 1396 ,
218 1348 278 1393 ster
297 1338 488 1392 interventusl
518 1338 635 1389 Minime
653 1352 736 1400 rere,
761 1335 936 1402 Africanum
963 1335 1027 1389 sales

219 1411 292 1463 eninr
309 1409 340 1459 t'u
356 1407 429 1481 haec.
439 1407 565 1460 studiose
581 1407 848 1474 investigare*quae
860 1415 933 1460 sunt
942 1409 973 1460 ia
983 1404 1027 1457 hoc

219 1494 329 1548 genere,
352 1478 386 1530 de
397 1492 450 1546 quo
462 1475 623 1529 instituerat
635 1476 730 1543 paullo
743 1482 809 1529 ante
820 1478 944 1531 Tubero
956 1489 1026 1544 quae

218 1565 289 1602 rere.
305 1548 427 1603 Rutilius
439 1547 548 1614 quidem
561 1552 657 1598 nester
666 1545 750 1598 etiam
760 1547 813 1597 sub
826 1547 903 1614 ipsis
914 1548 1027 1600 Numan·

216 1618 443 1685 tiaenroenibus
464 1617 574 1668 solebat
595 1631 703 1669 mecum
724 1616 871 1667 interdum
894 1614 1026 1669 eiusmodi

219 1688 324 1756 aliquid
336 1687 506 1755 conquirere.
544 1689 623 1750 Quae
634 1701 679 1738 res
688 1685 801 1752 tandem
811 1687 975 1750 inciderat,
993 1684 1025 1735 in

200 1759 279 1826 {quit
290 1756 403 1808 Philust
423 1759 494 1807 Tum
509 1757 571 1809 ille:
590 1755 634 1808 De
648 1756 754 1808 solibus
768 1755 834 1807 istis
845 1756 979 1821 duobus,
998 1753 1025 1805 de

217 1842 272 1896 quo
283 1826 393 1888 studeo,
403 1824 490 1887 Phile,
502 1842 536 1879 ex
548 1833 576 1877 te
587 1826 683 1878 audire
695 1825 759 1892 quid
770 1825 892 1880 sentias.

269 1895 330 1947 Xll.
350 1895 467 1946 Dixerat
478 1886 532 1947 hod
541 1896 599 1957 ille,
611 1896 693 1963 quum
706 1910 775 1961 puer
795 1896 979 1958 „nuutiavit¹
989 1907 1024 1945 re

188 1983 189 1986 ¹
217 1966 301 2029 „nire
313 1964 347 2016 ad
360 1981 422 2016 eum
434 1966 575 2026 Laelium,
596 1965 734 2032 domoque
743 1965 801 2016 iam
814 1967 945 2019 exisse.“
963 1967 1025 2017 Tum

218 2034 327 2102 Seipio,
349 2035 452 2086 calceis
472 2042 500 2086 et
518 2035 691 2086 vestimentis
708 2034 843 2101 sumptis,
867 2051 885 2088 e
901 2032 1024 2088 cubiculo

219 2110 262 2157 est
277 2120 418 2172 egressus3
439 2110 468 2156 et
484 2120 566 2172 quum
583 2103 738 2171 paullulum
755 2101 1025 2158 inanibularissetia

217 2175 338 2241 porticu,
351 2173 477 2224 Laelium
489 2175 682 2226 advenientem
693 2172 839 2236 salutavit,
863 2181 896 2227 et
907 2189 968 2237 eos,
985 2171 1025 2240 qui

217 2257 273 2293 una
283 2248 430 2303 renerent,
453 2243 582 2309 Spurium
594 2243 773 2305 Montanium,
794 2258 883 2310 quern
895 2242 1025 2311 inprimis

210 2311 360 2379 diligebat,
372 2318 399 2362 ct
410 2313 439 2364 C.
451 2312 596 2375 Fannium,
611 2319 640 2365 et
651 2312 781 2374 Quintum
793 2311 975 2375 Scaevolam,
987 2325 1025 2379 ge·

211 2383 299 2432 'aeros
309 2381 409 2441 Laelii,
425 2382 525 2437 doctos
535 2383 741 2444 adolescentes,
763 2382 821 2434 iam
832 2389 930 2436 aetate
941 2382 1024 2444 Quae

216 2450 332 2501 storias:
353 2465 515 2518 quosquam
527 2467 623 2503 omnes
634 2452 825 2514 salutavisset,
845 2452 1023 2505 convertite·

215 2517 364 2585 inperticu
377 2525 405 2570 ct
418 2521 536 2573 coniecit
547 2523 576 2572 ia
588 2521 710 2572 medium
720 2520 868 2577 Laelium:
890 2521 945 2575 ruit
954 2520 1021 2574 enim

215 2582 270 2665 boe‘
279 2587 308 2638 iu
317 2587 533 2659 amicitiaquasi
543 2592 684 2660 quoddam
694 2592 739 2647 ius
750 2591 915 2658 interillos,
934 2597 966 2649 ut
976 2589 1021 2643 ιιὶ·
