2084 3025
1 210 3 233 a
35 136 41 139 ⁴
111 172 251 227 alasa
269 168 536 230 Scaeuolam.
554 176 639 230 osa
658 174 755 228 teau.
787 172 839 228 ast

25 283 57 328 ut
73 275 246 344 quibusdam
261 279 296 331 in
304 279 391 332 rebus
407 296 473 334 sese
491 279 548 332 dici
562 280 665 347 possit,
687 293 769 347 quam
786 278 839 331 hae

27 363 145 399 caussae
156 354 342 416 antegressae
348 351 413 414 sint,
432 366 560 403 nonaesse
571 353 709 401 innostra
718 355 841 417 potesta·
878 380 884 385 -

25 425 64 481 te,
77 417 211 484 quinilla
221 419 359 483 eveniant,
369 436 488 489 quorum
499 435 614 473 caussae
626 419 737 471 lucriut.
774 418 840 480 uni·

28 488 147 538 busdam
159 494 254 540 autem
267 489 303 540 in·
311 491 408 553 rebus,
428 492 536 543 caussis
546 491 729 557 antegressis,
750 489 779 540 in
790 502 841 539 no·

28 564 87 609 stra
101 564 202 609 tamen
216 574 277 610 esse
292 565 449 626 potestate,
469 566 504 612 nt
517 559 595 611 aliud
611 560 696 612 alites
715 559 839 612 eveniatt

1 666 3 679 .
29 625 101 679 hanc
121 627 337 681 distinctionem
356 631 469 698 utrique
490 630 660 698 approbant:
685 629 735 682 sed
755 628 839 680 alteri

29 703 154 760 censent,
166 698 309 765 quibusin
318 699 497 767 rebusquuns
507 698 840 759 caussaeantecesserint,

28 768 81 829 ita,
98 775 131 818 nt
141 776 198 818 nen
210 769 247 820 sit
258 769 287 820 in
298 776 396 822 nostra
406 777 562 837 potestate,
581 776 612 820 ut
623 768 707 820 aliter
717 768 769 819 illa
779 783 841 819 eve·
942 842 946 849 .

27 838 116 899 aiant,
127 838 196 889 illas
206 837 267 890 fato
278 838 353 891 fieri:
364 856 438 908 quae
448 846 544 894 autem
555 840 687 893 innostra
695 844 839 906 potestate

28 908 94 972 sint,
106 909 143 960 ab
154 906 299 961 his-fatum
310 911 417 964 abesse.

345 980 362 1010 ἣ
429 982 450 1014 4
514 979 535 1010 ὑ

80 1048 147 1102 XX.
159 1049 205 1102 46.
211 1048 275 1102 Hoc
285 1046 370 1103 modo
380 1047 453 1101 hanc
463 1063 591 1102 caussam
601 1046 752 1116 disceptari
759 1059 841 1114 opor·

31 1125 79 1182 tet,
94 1129 154 1171 non¹
162 1121 197 1172 ab
210 1121 313 1173 atomis
323 1121 481 1174 enantibus
493 1126 521 1173 et
533 1119 567 1172 de
577 1120 623 1172 tia
634 1117 841 1171 declinantibus

30 1190 202 1255 praesidium
214 1197 319 1256 petere.
354 1190 503 1252 Declinat,
512 1190 610 1257 inquit,
627 1195 746 1243 mamas.
782 1186 842 1239 Pn-

1 1262 8 1281 ‘
31 1274 103 1311 mum
127 1260 196 1312 carl
215 1260 306 1312 Aliam
322 1261 395 1314 enim
412 1260 561 1328 quamdam
574 1261 632 1311 vim
648 1266 741 1311 motus
756 1254 840 1308 habe·

29 1328 125 1382 bonta
136 1331 305 1382 Democrito
316 1330 595 1399 isnpulsiunis,.quam
606 1328 720 1397 plagam
732 1328 781 1379 ille
794 1341 841 1393 ap·

29 1400 130 1467 pellat:
154 1406 221 1463 ate,
242 1401 371 1468 Epicure,
387 1399 725 1470 gravitatisetponderis.
761 1395 841 1458 Quas

32 1485 97 1539 crgo
113 1486 190 1523 noua
206 1486 305 1524 caussa
319 1473 349 1525 in
365 1477 469 1524 natura
482 1477 542 1533 est,
562 1485 633 1538 quac
649 1466 770 1521 declinet
781 1471 843 1521 atu·

29 1541 119 1593 mum?
142 1546 193 1593 aut
208 1557 273 1593 num
287 1543 446 1594 sortiuntur·
459 1541 535 1593 inter
552 1557 596 1601 sc,
617 1554 689 1607 qnae
709 1536 842 1599 declinet,

30 1627 100 1678 qnae
110 1610 194 1676 noni,
208 1617 317 1664 auteur
327 1613 441 1664 minimo
454 1610 596 1663 declinent
605 1606 765 1669 intem-alto,
784 1621 842 1657 ma·

29 1681 91 1733 iure
99 1681 176 1736 nont
195 1688 245 1733 aut
255 1698 305 1734 cur
316 1682 456 1734 declinent
469 1696 527 1731 uno
539 1680 668 1740 minimo,
689 1690 745 1728 non
757 1675 843 1728 dccli·

29 1757 95 1803 nent
106 1751 218 1804 duobus
229 1759 279 1804 aut
288 1753 395 1805 tribusl
413 1752 519 1818 Optare
530 1748 584 1801 hoc
595 1747 707 1817 quidem
719 1754 770 1808 cst,
786 1760 843 1798 non

31 1819 183 1888 disputare.
225 1823 269 1874 47.
289 1822 361 1876 Nam
383 1837 471 1888 neque
494 1820 670 1873 extrinsecus
688 1815 840 1883 impulsam

32 1895 158 1944 atomum·
165 1891 232 1943 loco
243 1893 351 1946 moveri
361 1897 391 1943 et
402 1890 544 1943 declinare
554 1890 637 1941 dicis:
648 1902 737 1956 acque
747 1887 776 1937 in
786 1885 840 1938 illo
927 1929 928 1932 ,

33 1960 120 2024 inani,
139 1976 192 2028 per
211 1962 284 2028 quod
304 1962 413 2014 feratur
433 1968 559 2023 atomus,
580 1957 731 2027 quidquam
750 1956 840 2009 fuisse

33 2045 163 2093 caussae,
182 2047 232 2082 cut·
247 2047 281 2084 ca
297 2047 379 2084 none
395 2033 510 2098 regione
521 2029 655 2082 feramur:
677 2042 728 2078 nec
738 2025 767 2077 in
778 2027 842 2093 ipsu

34 2107 126 2152 atomo
136 2102 303 2154 mutationis
313 2100 419 2168 aliquid
429 2102 534 2152 factum
545 2105 597 2161 est,
607 2096 785 2166 quamobrem
793 2112 842 2148 na·

34 2172 151 2224 turalem
163 2172 209 2222 sui
220 2171 350 2238 ponderis
362 2177 468 2222 metum
483 2186 539 2221 asan
550 2174 667 2222 teneret.
703 2167 746 2218 lta
756 2180 839 2233 quma

36 2242 176 2294 attulisset
196 2242 301 2296 nullam
323 2257 472 2303 caussam,
484 2255 556 2307 quae
574 2240 659 2290 istam
674 2235 841 2289 declinatio·

37 2325 93 2363 aem
114 2310 250 2364 efficeret:
280 2318 375 2365 tamon
397 2310 503 2377 aliquid
523 2308 578 2360 sibi
598 2308 693 2359 dicero
713 2305 841 2366 videtum

39 2396 114 2448 quum
125 2380 158 2433 id
167 2380 253 2444 dicat,
274 2382 483 2449 quodomnium
493 2386 601 2431 mentes
614 2380 798 2443 aspernentur
807 2388 841 2424 ac

39 2456 176 2519 respuant.
212 2451 257 2503 48.
272 2452 332 2505 Nec
341 2466 408 2504 sero
419 2450 564 2519 quisquam
574 2449 665 2515 magis
676 2444 841 2522 confirmato

39 2519 101 2572 uulsi
111 2520 226 2573 videtur
236 2537 291 2574 non
302 2522 386 2574 modo
398 2521 500 2583 fatum,
519 2516 713 2573 verumetiam
723 2524 843 2562 necessi·

39 2597 121 2643 tatem
139 2597 168 2642 ct
184 2591 383 2643 sinensium
400 2605 506 2653 rorum,
525 2588 732 2647 sustulisseque
748 2582 843 2628 motus

40 2661 121 2712 animi
132 2661 316 2725 uoluntarios,
333 2676 415 2729 quam
430 2659 485 2723 hic,
500 2660 550 2727 qui
561 2658 646 2708 aliter
656 2648 792 2726 obsistere
801 2643 844 2695 fa·

41 2735 68 2782 to
78 2730 183 2786 iutettu
193 2746 223 2784 se
233 2746 288 2786 non
298 2731 425 2802 potuisse
431 2767 440 2795 ,
460 2730 518 2782 nisi
529 2727 565 2779 ad
576 2725 626 2775 has
637 2712 844 2770 commentitias
