2084 3025
201 136 253 191 164
364 133 405 187 Μ.
424 132 571 185 TULLII
588 130 824 185 olcERole

198 245 311 312 master
320 236 516 291 Atheniensem
529 236 812 302 Themistoclem‚qui
822 251 854 287 se
864 235 929 303 ipse
939 251 1013 287 mor·

195 315 227 363 to
239 309 392 361 mulctarit.
428 308 455 359 4.
476 309 512 359 At
524 306 655 358 Graeculi
667 305 779 372 quidem
791 306 882 356 multa
894 307 1014 373 lingunt,

200 378 274 446 opud
290 389 360 499 ‹puos
375 378 461 428 etiam
474 376 682 429 Cleombrotum
691 376 903 427 Ambraciotam
916 374 1014 426 ferunt

199 466 230 501 se
241 463 303 502 exa
315 447 423 499 tissimo
434 447 636 514 praecipitasse
648 443 744 507 muro,
765 460 822 496 non
834 460 890 512 quo
903 445 1019 497 acerbi-¹

198 518 268 570 tatis
280 518 432 586 accepisset
442 516 557 583 aliquid,
578 516 636 577 sed,
652 524 685 565 ut
693 515 775 567 rideo
786 516 924 581 seriptum
935 512 1012 580 apud

198 588 336 650 Graecos,
357 602 439 654 quum
457 586 558 636 summi
567 583 729 653 philosophi
740 585 869 636 Platonis
881 578 1013 653 'graviter

199 664 228 709 et
240 656 480 729 orpatoscriptum
492 654 593 706 librum
607 655 641 706 de
651 661 741 706 morte
751 654 882 722 legisset,
905 655 935 704 in
947 669 1013 719 quo,

197 733 230 778 ut
243 727 350 792 opinor,
362 724 492 776 Socrates
503 725 555 774 illo
569 727 630 791 ipso
643 724 697 787 die,
714 739 768 790 quo
779 730 841 776 erat
852 723 879 774 ei
889 724 1012 774 morien·

102 845 107 852 .
198 795 281 858 dum,
302 795 441 862 permulta
452 794 592 860 disputat,
612 793 682 858 hane
701 809 761 845 esse
771 798 907 855 mortem,
928 806 1011 859 quam

198 865 343 916 nosritam
352 870 521 930 putaremus,
529 879 612 930 quum
622 879 737 931 corpore
745 863 853 915 animus
861 869 1009 929 tamquam

199 949 311 986 earcere
332 939 428 1000 septus
449 939 603 996 teneretur,
628 933 715 984 vitatu
737 940 832 984 autem
855 947 1013 992 senecam,

198 1020 280 1071 quum
291 1002 368 1058 ldern
378 1004 485 1054 animus
495 1002 596 1053 vinclis
615 1003 740 1069 corporis
756 1002 896 1054 liberatus
905 1002 935 1052 iu
948 1016 1014 1054 eum

198 1089 229 1125 se
239 1074 339 1134 losum,
352 1072 424 1123 unde
435 1078 509 1124 osset
521 1077 608 1135 ortus,
621 1073 772 1124 retulisset.
800 1072 826 1123 5.
838 1071 915 1122 Num
924 1072 1019 1138 igitur

156 1183 158 1186 .
198 1143 319 1192 istatua
331 1140 420 1192 Sarda
429 1140 622 1212 Pythagoram
638 1148 688 1192 aut
699 1141 846 1204 Platonem
862 1149 950 1192 norat
962 1147 1013 1192 arrt

90 1203 98 1212 ’
193 1211 328 1285 {legeratl
350 1211 405 1275 Qui
415 1217 508 1266 tamen
524 1213 580 1278 ipsi
589 1218 708 1262 mortem
719 1212 761 1261 ita
772 1211 905 1273 laudant,
926 1210 1013 1261 utfa-

199 1295 266 1349 gere
277 1281 363 1331 vitam
374 1286 469 1333 retent
479 1287 564 1348 atque
573 1282 602 1331 id
614 1287 712 1332 eontra
726 1280 825 1331 foedus
839 1281 905 1331 lieri
916 1280 1012 1332 dicant

198 1351 345 1418 legemque
366 1357 491 1402 naturae.
527 1351 619 1401 Aliam
635 1350 745 1417 quidem
760 1364 891 1401 caussam
910 1350 1013 1407 mortis

196 1420 375 1472 voluntariae
391 1419 495 1471 nullam
514 1419 642 1486 prolecto
654 1419 755 1470 iustam
765 1420 927 1485 reperietis.
966 1423 1013 1472 At-

198 1504 251 1556 que
262 1488 315 1543 hoo
325 1479 373 1541 ille
383 1489 463 1540 m’dit.
485 1488 556 1542 Nam
569 1489 770 1557 legitquodam
781 1488 845 1540 loco
856 1489 921 1542 rita
930 1490 1011 1543 illam

197 1560 344 1612 mulierem
353 1560 478 1626 spoliari,
489 1558 721 1626 quam⁰pudieitia
733 1560 874 1611 maluisse.
914 1562 942 1613 o.
957 1560 1010 1612 Sed

97 1636 104 1642 “
142 1630 144 1641 “
197 1629 304 1697 refugit
315 1631 421 1692 statim,
437 1644 488 1680 neo
499 1628 533 1679 de
544 1629 681 1696 pudicitia
695 1629 777 1697 plura
793 1630 875 1691 dixit,
893 1632 1010 1693 verinis,

199 1698 311 1761 oredo,
321 1714 355 1749 ne
372 1714 453 1765 quem
468 1698 604 1750 irridendi
622 1700 703 1750 nobis
715 1699 795 1768 daret
804 1706 833 1751 et
842 1700 963 1752 iocandi
973 1703 1010 1752 lo·

198 1783 272 1819 oum.
308 1766 424 1819 Constat
435 1767 508 1821 enim
519 1768 600 1820 illam
611 1784 693 1836 quum
705 1768 888 1822 deformitate
899 1786 1011 1837 suntme

196 1835 298 1898 fuisse,
319 1842 379 1886 tum
401 1838 487 1895 otiam
507 1845 661 1890 senectute.
698 1839 792 1900 Quare
813 1856 888 1907 quae
905 1847 1008 1908 potest,

197 1906 324 1972 quamvis
344 1906 420 1958 salsa
434 1908 491 1959 ista
505 1906 594 1960 Sarda
608 1908 712 1972 luerit,
731 1908 793 1960 ulla
813 1909 948 1963 libidinis
963 1920 1010 1964 aut

197 1974 373 2041 amorisssse
383 1976 526 2044 suspiciat

250 2045 274 2096 7.
295 2047 335 2096 do
345 2061 379 2108 ne
390 2046 541 2110 existimes,
551 2047 655 2110 Triari,
665 2047 739 2115 quod
747 2047 864 2100 afferam
877 2048 907 2100 in
920 2048 1010 2101 dieen-

197 2114 234 2166 do
244 2128 288 2166 roe
301 2115 405 2183 tingere
416 2115 507 2183 ipsum
519 2123 549 2169 et
560 2127 644 2169 non'a
653 2133 703 2170 reo
716 2132 843 2170 caussam
857 2133 1009 2188 cognosce·

197 2200 241 2235 re:
254 2185 399 2251 explicabo
411 2187 554 2255 tibi,quae
564 2186 669 2240 luerint
680 2187 825 2255 opiniones
835 2188 866 2240 in
877 2187 1010 2241 Sardinia

197 2254 232 2306 do
255 2254 338 2305 istius
357 2255 485 2308 mulieris
499 2265 599 2310 morte.
622 2257 694 2308 Nam
709 2257 821 2311 luerunt
837 2259 931 2322 duae,
955 2275 1010 2326 quo

198 2324 284 2376 stiam
303 2322 416 2375 facilius
439 2325 468 2377 ln'
483 2336 510 2379 et
529 2328 630 2380 Scauro*
645 2328 828 2381 innocentiam
850 2337 880 2380 et
898 2329 1009 2381 testium

196 2402 304 2444 tuorum
319 2390 462 2448 audaciam
473 2413 633 2466 cognoscere
641 2398 748 2467 possint
765 2407 793 2452 et
808 2414 917 2462 eornm,
938 2414 1009 2468 ques

190 2462 362 2535 factasunt,
382 2463 585 2534 indignitatem.
622 2469 648 2519 8.
671 2468 780 2521 Sardus·
792 2467 875 2520 istius
888 2469 1009 2522 maritus

118 2592 120 2597 Δ
193 2530 259 2580 Ario
270 2541 384 2585 matrem
395 2532 531 2598 Bostaris,
546 2544 576 2590 te
587 2530 655 2602 dixi,
671 2537 850 2590 libidinosam
861 2545 949 2606 atque
960 2540 1007 2590 im·

192 2600 308 2678 probam
325 2607 457 2665 matrem,
478 2606 577 2657 infami
592 2624 625 2659 ao
640 2616 708 2660 noto
725 2609 863 2661 adulterio
882 2610 941 2661 iam
959 2609 1005 2660 diu

194 2664 339 2736 diligebat.
375 2671 402 2721 ls
415 2688 503 2743 ¹quum
515 2674 586 2729 hano
598 2694 678 2735 suam
689 2694 912 2744 uxorem,·anum
924 2687 953 2734 st
965 2680 1002 2733 lo
