2084 3025
215 134 269 190 288
482 131 544 186 DE
563 129 752 185 Lemno-s

218 235 309 305 moria
319 240 403 304 atque
414 237 509 288 aetate
519 239 628 288 nostra:
645 241 704 287 tum
717 240 812 286 autem
821 232 942 286 hominis
955 233 1019 286 ami·

220 306 339 370 cissimi,
360 307 408 357 Cn.
419 305 557 372 Pompeii,
579 306 677 358 laudes
694 305 861 357 illustrabit.
896 306 1021 356 lncurret

150 418 152 423 ,
221 382 306 432 ctiam
317 377 346 426 in
355 376 493 426 illuminet
504 376 713 428 memorabilem
724 390 824 425 annum
835 390 926 426 suum.
945 377 1022 438 Quae

221 450 257 500 ab
268 448 325 497 isto
336 446 409 497 mmo
420 445 589 511 praedicari,
606 462 687 514 quam
698 450 730 495 ut
742 445 831 506 aiunt,
849 445 884 496 de
897 444 981 495 Remo
993 448 1023 495 ct

220 516 350 569 Romulo.
385 516 425 567 Μ.
437 514 569 581 lntclligo
581 515 708 583 equidem
724 531 741 565 a
750 514 888 565 meistmn
900 515 1022 566 laborem

221 576 483 652 iamdiupostulari,
493 586 597 636 Attice:
614 600 693 652 quem
703 600 758 635 noa
767 599 932 646 recusarem,
941 584 965 634 si
975 583 1024 633 mi·

221 657 251 715 lii
262 656 349 707 ullum
360 656 531 706 tribueretur
540 670 657 706 vacuum
666 658 776 720 tempus
788 660 816 704 et
822 654 952 706 liberum.
965 652 1024 704 lile·

222 743 276 795 que
287 725 360 779 enim
371 730 509 791 occupata
519 739 614 791 opera,
625 723 969 790 nequeimpcditoenimo,
979 736 1033 794 res*

223 801 304 850 tanta
321 795 428 860 suscipi
443 799 544 860 potest.
581 794 734 861 Utrumque
754 808 822 860 opus
837 800 892 856 est,
912 800 941 844 et
953 806 1025 844 eure

223 880 333 927 vacare,
346 869 374 915 et
385 866 507 931 negotio.
544 865 668 916 dirior.
685 862 774 925 ouidi
792 862 829 912 ad
840 872 932 915 cetera
943 867 1025 929 (quae

224 935 361 1003 scripsisti
370 934 467 1000 plura,
486 949 569 999 quam
582 934 724 1001 quisquam
735 949 751 984 e
762 933 876 993 nostris)
891 933 966 999 quod
974 930 1026 983 tibi

225 1004 338 1057 taudem
350 1009 458 1069 tempus
469 1018 586 1058 vacuum
598 1002 653 1053 fuit
664 1003 842 1056 eoncessumi
851 1003 890 1054 lii.
902 1001 1025 1054 subseci-

226 1091 263 1126 ra
273 1073 408 1141 quaedam
417 1078 549 1138 >tempora
556 1072 711 1134 incurrunt,
723 1088 794 1139 quac
804 1073 962 1139 egiipcrire
972 1086 1027 1124 non

225 1144 332 1210 patior:
343 1140 410 1191 utsi
421 1142 470 1208 qui
480 1141 540 1194 dies
551 1142 587 1193 ad
596 1143 784 1194 rusticandum
791 1142 857 1193 dati
867 1143 931 1206 siut,
943 1142 1028 1195 adeo·

224 1226 287 1263 rum
298 1225 440 1261 numerum
451 1211 705 1276 accommodentur,
716 1228 787 1280 quae
797 1213 952 1266 scribimus.
978 1212 1028 1263 Hi·

225 1281 453 1339 storia·reronec
461 1281 579 1347 institui,
584 1288 691 1348 potest,
704 1283 943 1349 nisipraeparato
955 1285 1011 1335 otio
1019 1276 1039 1345 ς’

224 1369 277 1406 nee
293 1351 394 1421 exiguo
411 1359 537 1419 tempore
551 1352 671 1404 absolsi:
693 1358 722 1404 et
736 1366 789 1419 ego
810 1353 895 1403 :mimi
909 1348 1038 1420 pendere

225 1422 312 1485 soleo,
335 1423 515 1488 quum,scmel
526 1421 592 1488 quid
604 1437 692 1486 orsus,
709 1422 844 1483 traducor
853 1422 926 1486 alio;
939 1436 1027 1492 neque

209 1492 1028 1565 stamfacileinterruptneonteuo,quamabsolroinstituta.

225 1562 268 1617 10.
287 1566 368 1616 Aac.
383 1562 568 1631 Legationem
584 1563 704 1631 aliquam
719 1563 851 1615 nimirum
867 1565 1029 1616 oratioists

224 1634 418 1703 postulabant
428 1632 564 1685 eiusmodi
571 1635 733 1701 quampiam
745 1634 899 1687 oessionem
911 1635 1028 1688 liberam

227 1710 310 1770 atque
323 1703 451 1754 otiosam.
473 1703 512 1754 M.
520 1703 581 1769 Ego
593 1718 659 1755 vero
671 1705 771 1764 nentis
782 1704 878 1771 potius
887 1702 1030 1760 vacationi

192 1807 194 1822 ,
226 1773 409 1835 confidebam,
420 1788 503 1839 quum
510 1771 674 1838 praesertim
681 1789 735 1825 nou
742 1789 910 1837 recusarem,
921 1789 976 1842 quo
982 1773 1029 1825 mi·

225 1860 285 1903 nus,
296 1845 471 1909 morepatrio
479 1842 1031 1911 sedensinsolio,com1dcntibusrespou·

227 1914 330 1974 derem,
340 1912 547 1979 senectutisque
558 1928 612 1963 non
622 1912 722 1965 inertis
730 1913 1029 1981 gratoatquc'lionesto

225 1981 358 2047 fungerer
372 1997 495 2035 munere.
532 1980 580 2033 Sic
594 1982 666 2033 enim
682 1981 749 2033 mihi
766 1984 864 2035 liceret
874 1991 908 2035 ⁴et
915 1986 971 2036 isti
981 1983 1030 2044 rei,

206 2099 212 2108 ,
226 2066 309 2119 quam
319 2051 471 2115 desideras,
491 2056 519 2104 et
529 2050 626 2103 multis
635 2052 811 2104 uberioribus
823 2060 853 2103 at
871 2068 908 2106 ue
918 2052 1031 2106 maiori·

226 2121 286 2184 bus,
298 2136 409 2188 operae,
422 2128 555 2191 quantum
564 2122 673 2184 vellem,
685 2122 762 2174 dare.
780 2121 827 2174 W.
840 2068 882 2174 d.
893 2126 978 2176 Aen.
988 2125 1030 2175 At·

226 2191 274 2258 qui
285 2207 396 2255 vereor,
416 2192 544 2242 neistam
555 2206 682 2243 caussam
696 2201 779 2244 nemo
790 2199 903 2244 nosceta
925 2194 1030 2259 tibique

225 2276 335 2327 semper
347 2260 494 2312 dicendum
505 2261 552 2323 sit,
573 2268 600 2313 ct
611 2276 644 2313 eo
655 2262 759 2329 magis,
779 2262 854 2329 quod
864 2268 895 2314 te
905 2264 967 2331 ipse
977 2275 1031 2313 niu·

225 2332 310 2392 tasti,
330 2329 448 2382 etaliud
457 2330 567 2382 dicendi
577 2332 836 2399 instituistigenus:
855 2338 888 2384 ut
901 2329 1033 2401 ‘quemad-

225 2399 337 2450 modum
348 2399 474 2461 Roscius,
492 2399 641 2452 familiaris
652 2407 725 2465 tuus,
745 2403 775 2452 in
786 2408 932 2456 serieetute
944 2417 1034 2454 nume·

224 2480 273 2518 ros
283 2468 313 2518 in
325 2472 407 2518 cantu
419 2468 572 2532 ceciderat,
592 2471 724 2538 ipsasque
734 2472 875 2524 tardiores
887 2473 997 2524 fecorat
1005 2469 1034 2520 ti·

224 2534 302 2588 bias:
324 2537 365 2588 sic
376 2543 406 2586 tu
418 2554 436 2589 a
446 2540 681 2606 contentionibus,
702 2541 801 2608 quibus
812 2544 930 2594 summis
942 2543 988 2594 uti
998 2554 1035 2590 so·

223 2603 311 2667 lebes,
324 2606 449 2672 quotidie
459 2604 697 2677 relaxcs‘aliqu‘id,
707 2618 738 2661 ut
749 2612 805 2663 ium
817 2613 911 2664 oratio
922 2619 975 2664 tua
986 2622 1041 2664 uon

172 2699 174 2706 ν
224 2673 343 2726 multum
355 2674 611 2745 aphilosophorum
622 2681 737 2733 lenitate
749 2681 830 2734 absit.
861 2682 947 2745 Quod
959 2678 1034 2732 susti-
