2084 3025
113 109 117 120 ‘
154 113 160 124 ’
203 158 256 225 ⁴20
472 157 529 209 nn
549 152 731 215 osricus
780 157 784 166 ⁴

205 277 268 315 esse
278 262 426 329 potuisset.
464 257 505 313 13.
525 260 583 318 lam
593 274 658 316 vero
671 266 699 312 et
713 274 809 320 eanum
820 273 932 323 rerum,
952 259 1008 328 qdi-

204 331 257 383 bus
268 332 479 393 abundaremus,
493 330 663 398 exportatio,
678 337 822 393 eteorum,
833 327 940 397 quibus
951 346 1007 397 ege

206 416 308 462 remus,
320 401 441 453 invectio
453 406 529 451 certe
539 400 617 450 nullo
627 407 711 462 esset,
731 400 785 450 nisi
795 396 840 450 his
850 400 1007 451 muneribus

206 469 330 522 homines
346 470 535 537 fungerentur.
571 469 732 536 Eademque
747 470 860 525 ratione
875 485 930 521 nec
945 470 1008 537 lapi·

206 539 256 592 des
266 555 282 592 e
292 547 369 592 turra
384 539 581 593 exciderentur
592 538 633 591 od
648 554 728 592 usum
742 546 871 596 nostrum
885 552 1007 596 neema·

202 624 254 661 su:
274 625 325 662 nec

241 706 274 717 -·
287 708 320 717 —
331 680 452 753 fe'rrum,
467 694 528 742 aar,
543 694 660 741 nurum,
676 678 821 748 argentum
831 677 1008 740 effoderetur,

619 749 731 817 penitus
742 748 874 810 tioium,

206 820 266 872 sine
276 817 417 871 hominnm
427 818 525 877 labore
535 824 664 878 etmanu.
673 817 815 877 lV.'l'ectn
824 834 903 880 reru,
916 818 1009 885 quibus

135 940 140 946 ,
207 897 236 942 et
249 889 386 957 frigorum
397 889 438 940 vis
449 889 615 956 pelleretur,
636 895 665 941 et
676 888 799 940 calorum
809 888 963 940 molestiae
972 903 1008 938 se·

206 959 346 1022 darentur,
360 959 434 1011 unde
444 965 493 1010 aut
504 959 585 1017 initio
595 958 691 1027 generi
701 955 819 1013 humano
832 957 897 1009 dari
909 960 1008 1025 potuis·

206 1036 278 1092 sent,
292 1035 341 1080 aut
352 1035 451 1094 postea
460 1028 610 1090 subveniri,
621 1029 655 1079 si
664 1026 753 1079 autri
762 1030 950 1096 tempestatis,
963 1037 1007 1077 art
1038 1045 1039 1052 ¹

207 1103 397 1160 terraemotu,
416 1104 614 1157 aut-vetustate
625 1097 803 1159 cecidissent,
823 1098 1007 1152 nisicommu·

208 1167 250 1218 nis
266 1166 327 1218 vita
340 1166 375 1218 ab
391 1166 551 1219 hominibus
562 1165 662 1219 >harum
682 1183 778 1226 rerum
794 1166 903 1219 auxilia
918 1174 1007 1234 petere

208 1236 370 1289 &uicisset
398 1233 440 1289 14.
460 1237 538 1289 Adde
548 1237 649 1289 ductus
659 1252 802 1304 aquarum,
822 1236 1007 1289 derivationes

209 1303 364 1369 fluminum,
390 1321 521 1374 agrorum
541 1308 733 1373 irrigationes,
759 1305 848 1359 moles
867 1307 1007 1375 oppositas

209 1376 348 1439 fiuctibus,
368 1373 471 1445 portus'
478 1376 671 1438 manufactos,
688 1392 757 1444 quae
767 1377 841 1429 unde
852 1378 917 1430 sine
927 1376 1007 1428 liunu-

210 1461 274 1498 nnm
287 1462 372 1515 opera
387 1445 490 1498 habere
504 1446 667 1512 possemus?
694 1448 738 1498 Ex
748 1446 849 1514 quibus
861 1447 1008 1515 multisque

209 1518 274 1571 aliis
285 1518 461 1585 perspicuum
471 1524 525 1579 est,
540 1518 588 1584 qui
604 1517 720 1579 fructus,
735 1532 860 1585 quaeque
870 1519 1009 1570 utilitates

210 1603 246 1642 ex
256 1589 339 1640 rebus
349 1588 400 1650 iis,
421 1602 491 1653 quac
501 1596 566 1641 sunt
576 1587 727 1649 inanimae,
749 1587 950 1654 percipiantur,
967 1602 1009 1640 eas

148 1718 157 1727 ¹
211 1674 260 1709 rios
275 1657 353 1708 milo
367 1657 450 1709 niodo
461 1657 520 1715 sine
532 1655 674 1708 lentinum
686 1658 767 1714 runnu
778 1664 861 1723 atque
872 1672 962 1724 opera
971 1673 1008 1709 ta·
1038 1688 1039 1697 κ

211 1744 275 1794 pere
289 1727 422 1794 potuisse.
458 1727 513 1788 oui
529 1726 647 1792 denique
661 1741 696 1777 cx
710 1726 809 1777 bestiis
823 1726 948 1790 iromus,
967 1733 1011 1779 aut

211 1812 280 1866 quae
290 1797 487 1860 commoditas,
508 1797 562 1847 nisi
573 1794 697 1847 homines
708 1794 885 1860 adiuvarent,
908 1797 1010 1866 percipi

208 1867 323 1933 posset}
348 1868 421 1932 Nam
442 1872 470 1918 et
486 1867 534 1934 qui
552 1866 692 1934 principes
711 1866 869 1917 inveniendi
892 1867 1009 1923 fuemnt,

211 1951 293 2002 quem
304 1952 339 1988 ex
349 1952 458 2005 quaque
467 1936 562 1988 bellun
573 1951 652 1986 usum
665 1934 771 1989 haume
786 1950 950 2003 possemus,
967 1936 1009 1987 ho·

164 2032 169 2041 ι
213 2004 383 2061 minescerte
394 2007 517 2058 luerunt:
538 2021 588 2059 nec
599 2004 789 2072 hoctempore
799 2004 860 2061 sine
870 2004 1009 2060 hominum

210 2090 297 2140 opera
306 2081 355 2127 aut
365 2091 478 2142 pascere
489 2092 537 2128 cas
548 2083 597 2127 aut
607 2075 722 2129 deniare
735 2080 783 2127 aut
794 2075 867 2129 tueri
884 2086 937 2130 aut
948 2087 1008 2129 tem·

209 2145 333 2212 pestivos
345 2144 451 2198 tructus
462 2161 496 2198 ex
508 2143 551 2202 his
563 2160 661 2212 capere
672 2160 829 2212 possemus:
848 2146 885 2198 ab
898 2148 1010 2200 eisdem·

209 2230 262 2282 quc
275 2221 304 2266 et
314 2230 373 2276 eac,
388 2231 458 2282 quae
468 2222 578 2279 nocent,
597 2217 810 2278 interficiuntur,
826 2223 856 2267 ct
867 2232 943 2285 quae
954 2216 1010 2268 usui

210 2290 324 2350 possunt
335 2300 405 2347 esse,
416 2286 569 2350 capiuntur.
598 2281 640 2336 15.
651 2285 727 2350 Quid
738 2288 899 2338 enumerem
913 2287 1011 2340 artium

208 2353 422 2415 multitudinem,
433 2357 493 2407 sine
504 2356 603 2422 quibus
612 2355 672 2407 vita
682 2355 794 2406 omnino
804 2356 884 2408 nulla
895 2372 958 2410 esse
968 2371 1012 2425 pu·

173 2474 176 2479 ⁴
207 2423 324 2476 tuisseti
352 2423 406 2484 Qui
422 2424 494 2475 enim
510 2425 604 2492 aegris
618 2426 828 2488 subveniretur,
850 2432 925 2494 quae
941 2433 1012 2479 esset

185 2553 189 2559 ¹
206 2493 357 2544 oblectatio
363 2492 528 2557 solentium,
551 2495 598 2561 qui
608 2495 696 2545 victus
707 2501 757 2547 aut
767 2494 869 2559 cultus,
891 2497 947 2548 nisi
959 2504 1012 2548 teor

182 2560 185 2566 ⁴
205 2561 309 2614 multae
326 2562 497 2612 nobisartes
510 2562 719 2616 ministrarent?
747 2563 854 2628 Quibus
872 2567 1010 2629 rebusex·

206 2631 283 2681 culta
302 2629 444 2682 hominum
464 2631 524 2681 rita
543 2638 655 2684 tantum
672 2634 876 2688 distatavicto
893 2644 922 2689 et
941 2634 1011 2687 cultu

205 2697 365 2751 bestiarum.
396 2699 483 2752 Urbes
495 2715 561 2753 reru
571 2703 632 2755 sinc
647 2702 788 2756 hominum
800 2713 885 2757 coetu
897 2706 957 2759 non
969 2720 1009 2771 po
