2084 3025
169 121 229 185 LE
248 121 503 181 subaerata
517 122 606 176 ΜΡ,
626 121 667 177 16.
686 120 728 176 17.
817 121 853 176 23

46 227 223 289 Dictatarem
238 243 299 283 esse
310 227 430 277 factum:
452 228 693 283 euiusDiotatoris
708 227 784 278 iussu
797 242 854 278 ma·

46 300 138 366 gister
154 298 277 364 equitum
288 298 320 348 C.
334 297 470 351 Servilius
485 296 574 349 Abala
584 299 629 365 Sp.
642 298 790 359 Maelium,
811 312 854 348 rc·

46 383 130 436 gnum
144 374 331 433 appetentem,
352 373 513 433 occupatum
525 369 675 419 interemit.
712 371 734 419 a
746 366 854 418 villain

46 439 179 501 Senatum
191 438 400 489 arcessebantur
410 443 438 487 et
449 439 556 499 Curius,
569 445 597 489 et
609 438 695 488 ceteri
706 453 797 489 senes:
817 452 852 489 ex

44 522 112 574 quo,
137 507 185 572 qui
202 522 256 568 ‚eos
273 509 462 565 arcessebant,
484 508 606 559 viatores
627 508 762 568 noniinati
777 515 851 560 sunt.

43 577 117 630 Num
134 576 330 642 igitureorum
349 584 475 627 senectus
491 578 659 628 miserabilis
675 578 741 638 fuit,
764 579 810 644 qni
821 593 852 628 sc

46 647 107 717 agri
129 646 252 696 cultione
272 647 468 698 oblectabant?
496 648 563 701 Mea
582 647 691 713 quidem
712 648 853 699 sententia

45 715 120 769 baud
131 717 191 766 saio
203 732 238 771 an
248 716 325 766 nulla
333 717 516 781 beatimcsse
525 714 632 783 possit:
655 731 742 782 neque
760 716 853 767 solnm

46 785 147 846 officio,
166 786 239 852 quod
251 784 391 839 bominum
404 788 500 858 generi
511 789 639 851 universo
651 786 762 836 cultura
773 799 853 852 agro-

44 871 106 908 rum
118 862 161 904 est
172 856 313 920 salutaris,
333 856 383 908 sed
393 866 421 907 et
431 856 626 917 delectatione,
643 870 723 923 quam
736 855 802 915 dixi,
823 860 858 922 ct

45 925 198 987 saturitate
209 926 342 991 copiaque
359 926 480 991 omnium
493 942 597 987 rerum,
621 940 690 990 quae
701 924 735 975 ad
749 927 852 979 rictum

46 992 202 1056 honunum,
225 994 260 1046 ad
275 996 378 1049 cultum
400 997 484 1049 etiam
501 995 623 1046 Deorum
640 995 790 1061 pertinent:
812 999 853 1056 ut,

46 1064 178 1130 quoniam
194 1061 268 1115 baec
288 1065 399 1132 quidam
421 1065 594 1129 desiderant,
614 1065 643 1114 in
660 1065 779 1132 gratiam
791 1065 853 1115 iam

46 1148 109 1195 oum
128 1132 274 1198 veluptate
292 1135 448 1186 redeamus.
485 1133 600 1202 Semper
617 1136 688 1185 enim
699 1135 770 1185 boni
786 1134 853 1185 assi·

47 1202 149 1268 du'ique
161 1202 264 1254 domini
277 1204 381 1264 referta
397 1204 468 1257 cella
483 1205 605 1264 vinaria,
626 1205 745 1265 olearia,
768 1204 854 1257 etiam

45 1269 164 1340 penaria
178 1279 228 1339 est,
239 1273 360 1342 villaque
370 1279 433 1323 tota
445 1273 570 1339 locuples
583 1279 636 1333 est:
656 1273 778 1324 abundat
789 1287 853 1337 por·

48 1357 94 1407 co,
106 1340 217 1403 baeda,
232 1357 313 1408 agno,
327 1343 446 1410 gallina,
461 1338 548 1405 lacte,
562 1342 758 1402 casem-melle.
796 1341 853 1395 lain

47 1407 160 1462 bortum
178 1408 232 1476 ipsi
249 1412 389 1477 agricolae
405 1412 556 1464 succidiam
572 1413 688 1462 alteram
701 1410 853 1477 appellant.

48 1479 152 1548 [Tum]
169 1480 328 1536 conditiora
344 1480 418 1532 lacit
432 1479 502 1533 baec
517 1482 717 1558 supervacanei
734 1480 854 1550 [etiam]

25 1563 32 1570 ·
48 1550 302 1618 operisvaucupiurn
313 1557 396 1619 atque
406 1553 527 1604 venatio.
564 1551 607 1602 57.
630 1550 702 1612 Quid
715 1550 749 1602 do
761 1555 853 1616 prato·

10 1635 14 1642 ’
47 1620 273 1683 runi-viriditate,
286 1621 477 1684 autarborum
490 1621 698 1681 ordinibus,aut
707 1620 853 1672 vinearum

48 1689 268 1755 olivetorumque
279 1693 372 1757 speeie
382 1691 491 1742 dicam'l
500 1691 584 1742 Brevi
614 1689 762 1752 raccidam.
778 1690 853 1756 Agre

46 1757 257 1816 lesecultooii
269 1766 362 1826 potest
374 1776 434 1813 esse
445 1777 496 1812 nec
507 1776 557 1811 usu
565 1706 691 1830 „udaius
699 1775 749 1810 nec
758 1759 853 1826 specie

46 1830 188 1878 ornatius:
211 1829 246 1880 ad
263 1845 343 1896 quem
359 1829 504 1892 fruendum
526 1846 581 1881 non
596 1829 679 1880 modo
691 1846 750 1880 non
766 1825 854 1880 ‘retar-

46 1895 108 1958 dat,
129 1913 224 1949 rerum
246 1900 329 1950 ctiam
348 1900 453 1951 invitat
476 1906 559 1966 atque
582 1900 696 1952 allectat
710 1905 853 1952 senccms.

46 1965 100 2018 Ubi
113 1968 187 2031 euim
197 1975 298 2049 potest
313 1969 365 2028 illa
381 1976 458 2021 aetas
473 1976 524 2020 aut
541 1970 680 2021 calescere
691 1969 737 2020 rel
748 1969 854 2038 aprica·

46 2037 123 2088 tione
137 2036 237 2088 mehus
249 2039 298 2089 vrcl
314 2039 388 2108 igni,
407 2046 459 2102 ,aut
474 2040 598 2096 rioissim
619 2038 725 2089 audiris
740 2039 854 2105 aquisve

45 2106 209 2174 refrigerari
220 2108 375 2167 salubriust
405 2108 447 2161 58.
459 2108 525 2161 sibi
536 2110 624 2176 igitur
634 2107 754 2159 habeant
767 2121 854 2168 arma,

46 2176 100 2226 sibi
112 2191 208 2241 equos,
231 2178 284 2228 sibi
295 2175 397 2241 hastas,
418 2178 472 2229 sibi
484 2178 600 2240 claram,
621 2179 673 2229 sibi
685 2179 779 2244 pilam,
800 2175 853 2226 sibi

46 2246 207 2307 natationes
229 2252 257 2296 et
279 2250 387 2303 cursus:
408 2247 488 2299 nabis
508 2249 620 2314 senibus
643 2263 678 2298 ex
692 2246 854 2307 ‘lusionibus

47 2313 149 2383 nrultis.
161 2313 236 2364 talos
252 2316 410 2382 relinquant
422 2322 450 2368 ct
459 2326 597 2380 tesseras,
614 2317 647 2366 'id
658 2318 748 2383 ipsum
760 2323 854 2363 utrum

47 2380 172 2441 iubebit3
183 2385 315 2449 quoniam
326 2384 440 2437 sine-his
450 2388 534 2442 beata
545 2403 606 2437 csse
616 2383 743 2437 senectus
749 2388 855 2456 potest.

48 2446 134 2504 XVll,
152 2447 197 2504 ab.
217 2453 321 2504 Multas
333 2461 368 2505 att
380 2470 424 2506 ros
434 2456 576 2523 perutiles
585 2453 779 2520 'Xenophontis
790 2450 856 2501 libri

49 2528 126 2577 lunt:
139 2519 319 2589 quoslcgiic,
331 2521 443 2591 quaeso,
456 2525 589 2584 studiose,
600 2530 631 2573 ut
641 2522 743 2572 facitis.
762 2524 855 2584 Quam
910 2547 915 2558 ·
969 2521 974 2531 “

53 2591 167 2658 eopiosa
183 2592 217 2644 ab
235 2588 268 2643 eo
288 2595 460 2714 apricultura
476 2594 607 2652 laudatur
617 2593 645 2642 in
655 2592 786 2650 eolibrrr,
809 2588 856 2668 qui

53 2667 95 2713 est
104 2660 140 2713 de
150 2660 256 2713 tuenda
266 2678 305 2715 re·
320 2664 450 2727 amiliari,
461 2661 721 2730 muoeeononicos
731 2658 855 2709 inscribi-
