2084 3025
259 180 587 236 CONSOLATIO.
773 181 827 235 44⁷
873 178 876 191 '

19 304 80 341 mos
91 284 259 354 patriaeque
269 286 475 337 amantissimos
487 283 596 343 bonore,
604 285 686 350 allici,
697 285 727 338 in
738 286 829 339 oculis

19 358 98 410 ferri.
127 355 221 423 Scipio
232 354 377 407 Africanus
389 356 463 424 apud
475 364 596 419 nostros,
608 358 741 424 optimam
753 372 830 408 caus-

19 444 79 479 sam
91 427 251 494 amplexus,
273 436 422 491 paucorum
441 426 643 478 immoderatae
660 426 773 478 libidini
788 442 830 478 re·

19 513 51 564 pu
77 513 166 558 nans,
184 509 264 546 mane
280 500 407 545 mortuus
421 496 451 545 in
467 495 543 546 lecto
556 502 600 547 est
614 497 757 547 inventus:
779 511 830 547 nec

19 513 113 619 abffuit
125 565 257 632 suspicio,
272 565 339 630 quin
349 567 384 616 ab
396 578 491 628 uxore,
503 580 574 631 quae
586 565 775 617 Gracchorum
787 581 831 617 so·

18 652 66 689 ror
78 634 143 697 luit,
152 633 350 686 interfectores
360 641 452 688 essent
461 634 588 686 immissi.
607 635 725 687 Metello
737 642 830 686 autem

18 705 183 767 Numidico,
203 702 315 755 bomine
331 706 455 755 omnium
468 706 624 756 clarissimo
640 720 673 755 ac
688 711 830 772 praestan·

18 775 220 841 tissimosquid
231 774 376 826 miserius?
387 776 441 841 qui,
453 791 487 826 ne
498 776 528 825 in
539 776 629 841 legem
641 776 830 841 perniciosam

18 849 140 905 iuraret,
150 844 179 894 in
191 844 320 896 exsilium
333 845 411 896 abire
422 845 459 895 sit
470 851 594 909 coactus.
623 844 728 897 Fateor
738 841 830 910 proie-

18 923 77 977 cto,
91 915 166 965 inter
176 914 270 964 omnia
281 914 380 966 exsilii·
387 928 492 981 genera
503 922 587 982 atque
599 929 695 966 omnes
705 915 831 966 miseria·

18 1001 83 1035 mm
96 999 209 1035 caussas
221 984 343 1035 niaxime
354 983 498 1035 honestam
510 984 655 1035 Numidici
669 984 754 1035 luisse
767 998 830 1034 con

17 1055 170 1117 iitiouem3
194 1054 239 1103 cui
249 1053 390 1120 probitas,
406 1054 569 1121 integritas,
589 1055 617 1103 in
628 1054 747 1119 patriam
760 1052 831 1104 cari-

17 1136 73 1187 tas,
96 1121 266 1175 calamitatis
278 1136 403 1173 caussam
414 1124 555 1175 attulerit:
575 1124 624 1175 sed
635 1131 731 1175 tamen
741 1123 829 1174 laten·

17 1195 155 1253 domest,
176 1192 369 1260 gravissimam
380 1193 467 1244 fuisse
478 1193 683 1254 calamitatem,
703 1193 772 1259 pelli
782 1207 830 1258 pa·

17 1267 84 1325 tria,
105 1262 188 1314 avelli
198 1278 215 1312 a
225 1264 292 1322 suis,
312 1264 448 1314 bonorum
461 1263 656 1330 direptionem,
678 1263 829 1314 liberorum

17 1335 81 1386 sive
91 1332 260 1384 maestitiam
272 1333 333 1383 sire
344 1344 504 1384 aerumnam
515 1334 619 1386 ridere.
630 1334 670 1384 M.
682 1333 829 1398 Regulum,
897 1382 901 1387 ,

17 1406 46 1457 C.
60 1403 195 1464 Marium,
205 1402 238 1453 L.
247 1402 373 1470 Brutum,
385 1403 420 1467 ob
431 1402 604 1454 liberandam
615 1403 734 1468 patriam
745 1402 830 1454 inter<

16 1477 303 1538 fectum,·praetcre0.
331 1472 426 1523 Nolim
437 1472 466 1523 ln
477 1473 512 1523 iis
527 1472 776 1525 commemorandis
788 1472 829 1523 ni·

16 1546 93 1600 arius
108 1542 209 1605 rideri,
228 1557 343 1609 quorum
356 1544 447 1593 exitus
459 1557 541 1594 nemo
552 1549 595 1594 est
616 1544 681 1610 quin
694 1558 727 1594 ex
738 1543 830 1605 libris,

16 1612 202 1680 imaginibus,
233 1611 312 1663 fama
331 1612 450 1679 denique
469 1613 579 1680 vulgari
604 1613 658 1663 iam
687 1612 828 1664 didicerit.

16 1690 101 1750 Quae
115 1697 194 1748 quum
211 1682 300 1732 multa
309 1683 485 1748 oraximequc
496 1684 595 1750 grauia
610 1682 678 1733 sint:
698 1681 830 1751 gratissi·

16 1767 95 1807 mum
106 1757 200 1803 tamen
214 1751 285 1802 illud
299 1750 382 1802 debet
396 1751 499 1813 videri,
522 1752 598 1819 quod
614 1750 726 1803 homine
741 1751 830 1803 ambi·

16 1822 110 1877 tionis
119 1821 237 1872 vinculis
252 1821 376 1883 irretito,
397 1822 499 1888 quique
510 1839 525 1875 e
536 1822 718 1889 popularibus
731 1820 831 1872 suifra-

16 1894 77 1966 giis
88 1896 166 1942 totus
181 1890 313 1956 pendeat,
333 1890 404 1942 nibli
419 1907 537 1959 usquam
552 1892 696 1943 infelicius
710 1891 831 1958 reperiri

16 1964 126 2032 potest.
144 1960 268 2021 Quantus
279 1961 307 2010 in
318 1973 352 2012 eo
364 1961 459 2024 timor,
471 1967 575 2030 quanta
587 1960 735 2024 dubitatio,
746 1957 831 2028 quan·

16 2045 66 2088 tus
79 2037 204 2093 conatus,
221 2037 325 2097 querna
335 2031 511 2083 sollicitudo!
520 2039 561 2095 ut,
572 2031 677 2082 nullam
688 2032 732 2083 llli
742 2047 760 2082 a
772 2046 832 2083 rao-

16 2101 107 2158 lestia
120 2115 235 2151 vacuam
249 2116 309 2152 esse
325 2100 435 2165 boram,
458 2117 521 2153 non
534 2101 672 2152 immerito
693 2101 831 2167 suspicari

16 2170 167 2244 possimos.
204 2169 275 2222 Nam
292 2171 316 2220 si
332 2172 528 2232 servientis'ea
541 2178 585 2224 est
595 2170 734 2231 conditio,
752 2176 831 2223 utex

16 2245 91 2305 aius,
104 2240 249 2302 cuiservit,
258 2242 391 2304 moribus,
401 2241 554 2305 voluntate,
565 2241 678 2308 ingenio
686 2241 830 2307 propriam

16 2312 77 2368 tibi
88 2310 230 2362 fortunam
241 2311 342 2377 fingat:
364 2313 412 2379 qui
424 2313 527 2379 populo
538 2313 648 2373 serviet,
660 2311 750 2373 arido,
761 2310 830 2361 inri-

16 2387 69 2445 d0,
90 2381 198 2445 ignaro,
217 2380 253 2432 ud
266 2383 448 2433 mutationem
458 2382 586 2449 procliui,
601 2387 638 2443 et,
659 2381 734 2449 quod
746 2386 830 2447 caput

16 2460 72 2514 est,
83 2449 89 2496 .’
93 2451 213 2517 ingrato,
230 2467 294 2502 num
307 2452 455 2518 aliquando
467 2452 567 2512 beatus
578 2467 640 2502 esse
649 2450 771 2518 poterit?
793 2466 828 2502 arr

16 2522 125 2581 isitius,
137 2522 247 2587 quoties
258 2521 293 2573 de
305 2522 363 2573 eius
374 2526 474 2573 natura
486 2520 634 2587 cogitabit,
653 2521 738 2572 toties
750 2523 831 2570 inam

16 2589 82 2665 'pse
96 2589 294 2653 calamitatem
303 2607 336 2645 ao
351 2593 491 2646 fomunam
508 2589 711 2660 conquereturt
743 2587 829 2641 Prae·

16 2668 95 2719 alate
105 2667 186 2742 retus
197 2667 293 2728 poete:

481 2724 567 2762 ami
