2084 3025
180 95 236 150 322
452 52 729 143 pausemus

182 192 313 251 atterunt.
348 196 494 262 Quumque
508 193 606 256 Vesta,
628 193 707 261 quasi
728 191 823 258 focum
841 193 943 258 Urbis,
964 202 999 249 ut

49 248 52 253 ι
137 292 140 297 ·
174 267 291 320 'Graeco
308 265 419 317 nomine
434 270 477 316 est
493 264 638 330 appellata
651 261 737 331 (quoti
747 278 801 334 nos
812 279 900 332 prope
917 264 999 318 idem
1038 270 1039 275 ’

105 343 108 347 ’
182 337 322 390 Graecum
334 333 573 403 [interpretatum]
581 334 999 401 nomemtenemus)eomplexa
1038 396 1039 399 Ἴ

182 409 234 470 sit3
256 407 284 458 ei
295 405 427 458 colendae
438 405 563 473 virgines
574 404 710 473 praesint,
727 403 943 471 utrasluigiletnr
953 405 998 459 fa.
1038 426 1039 431 =

175 478 265 530 vcilius
276 476 312 527 ad
323 474 479 527 custodiam
487 475 569 543 ignis,
591 480 620 526 et
630 474 751 526 sentiant
761 473 893 527 mulieres
904 475 937 526 in
946 492 997 529 ua·

175 546 249 600 'tura
259 545 425 599 feminarum
438 560 547 596 omnem
558 544 716 596 castitatem
726 541 798 610 pati.

236 616 278 669 30.
299 614 766 682 Quodsequiturvero,nonsolum
778 611 997 682 adreligionem
1038 602 1039 667 l

182 687 320 754 pertinet,
341 684 486 737 sedetiam
498 682 534 735 ad
544 684 670 735 civitatis
686 689 804 751 statum,
824 690 857 735 ut
867 683 996 749 sinehis,

183 754 233 824 qui
243 756 331 808 saeris
343 755 454 822 publice
468 755 606 821 praesint,
626 753 760 821 religioni
771 753 901 819 privatae
911 756 997 808 sstts-
1038 818 1039 821 Ἴ

183 826 279 879 faeere
290 841 344 877 non
355 825 470 892 possint.
508 823 640 875 Continet
651 824 735 887 enim,
745 822 919 890 reipublicae
931 840 997 877 oon·
1038 882 1039 889 χ

183 897 260 960 silio,
270 902 299 949 et
310 895 479 947 auctoritate
490 894 678 961 optimatium,
689 908 799 961 semper
808 893 944 960 populum
954 897 997 948 iu-
1038 930 1039 961 ,

176 967 291 1035 ‘digere
317 965 534 1032 Deseriptioque
545 963 722 1019 sacerdotum
732 963 840 1014 nullum
850 965 944 1017 iustae
952 980 997 1017 re·
1038 970 1039 1027 ξ

183 1037 300 1104 ligionis
310 1050 397 1103 genus
409 1033 617 1100 praetermittit.
636 1033 708 1087 Nam
719 1034 828 1085 suntad
840 1034 997 1101 placandos
1038 1040 1039 1095 Ϊ

176 1104 262 1159 'Deos
273 1105 325 1156 alii
337 1105 492 1165 constituti,
508 1106 556 1171 qui
567 1103 654 1159 sacris
665 1103 789 1171 praesint
797 1104 997 1159 sollemnibus:
1038 1102 1039 1179 ξ

185 1175 222 1228 ad
231 1173 443 1242 interpretanda
454 1174 506 1225 alii
515 1173 663 1240 praedicta
672 1180 883 1242 uatum3neque
893 1174 997 1229 multo-
1038 1188 1039 1243 j

183 1260 254 1308 rum,
266 1248 385 1296 noesset
396 1244 544 1306 inlinitum,
555 1259 645 1311 neque
656 1250 687 1296 ut
696 1260 732 1297 ea
741 1243 812 1310 ipsa,
823 1258 893 1312 quae
904 1260 996 1299 susce·
1038 1250 1039 1295 l

183 1322 236 1385 pta
242 1315 353 1383 publice
365 1320 466 1377 essent,
478 1315 625 1382 quisquam
637 1320 717 1366 extra
726 1314 879 1382 collegium
889 1322 995 1368 nosset.
1038 1336 1039 1361 ι

184 1382 227 1439 31.
239 1387 395 1453 Maximum
406 1391 500 1437 autem
511 1390 540 1458 et
549 1384 823 1452 praestantissimum
834 1385 864 1437 in
874 1382 995 1453 republi·
1038 1382 1039 1439 l

184 1472 219 1510 ca
228 1457 274 1508 ius
284 1462 327 1508 est
338 1471 473 1524 augurum
484 1470 547 1506 eum
560 1454 728 1508 auctoritate
739 1455 930 1509 coniunctum.
940 1454 996 1508 Ne·

139 1527 141 1533 ’
183 1542 315 1597 querere
329 1526 395 1588 hoe,
415 1526 552 1594 quiasum
567 1525 629 1593 ipse
640 1540 741 1593 augur,
762 1526 803 1577 ita
818 1527 925 1591 serrtio,
943 1524 997 1580 sed

183 1598 299 1665 quiasie
311 1597 474 1650 existimare
488 1611 540 1647 uos
556 1602 600 1647 est
610 1612 732 1649 necesse.
768 1595 844 1658 Quid
853 1596 928 1650 enim
937 1612 996 1650 ma·

182 1669 229 1721 ius
239 1674 295 1731 est,
314 1668 340 1719 si
350 1668 384 1719 de
395 1668 455 1719 iure
467 1666 639 1734 quaerimus,
662 1682 744 1735 quam
756 1681 837 1733 posse
850 1668 996 1721 asummis
1038 1691 1039 1722 ι

155 1765 158 1770 -
181 1738 324 1806 imperiis,
346 1744 374 1790 et
384 1737 499 1788 summis
515 1736 702 1803 potestatibus
713 1733 878 1788 comitiatus
889 1744 919 1790 et
931 1752 995 1789 con-
1038 1739 1039 1800 J

143 1821 146 1824 ⁴
184 1809 261 1871 eilia,
280 1807 467 1860 relinstituta
478 1806 635 1869 dimittere,
654 1805 699 1859 uel
710 1804 997 1862 habita'reseinderel
1038 1831 1039 1872 3

115 1927 124 1934 ,
183 1878 258 1943 Quid
273 1878 400 1945 gravius,
419 1892 502 1946 quam
517 1892 576 1928 rem
586 1881 744 1944 susceptam
755 1876 865 1940 dirinri,
883 1878 910 1929 si
923 1894 995 1932 unus
1038 1911 1039 1914 =

183 1964 276 2017 augur
289 1947 345 2017 elio
359 1947 402 1999 die
418 1946 543 2000 dixerit?
570 1945 636 2014 quid
654 1947 890 2014 magnificentius,
911 1963 995 2017 quam

182 2014 996 2088 possedecernere,u'tmagistratuseabdieentCousulesl
1037 2043 1039 2053 ⁴

184 2089 251 2157 quid
260 2087 428 2157 religiosius,
445 2102 528 2155 quam
540 2102 600 2137 eum
610 2087 725 2155 populo,
745 2103 807 2140 cum
817 2088 899 2154 plebe
911 2105 997 2159 agen·

183 2159 214 2211 tli
225 2160 279 2224 ius,
295 2164 347 2210 aut
356 2157 432 2220 dare,
449 2162 498 2208 aut
509 2171 566 2207 non
577 2156 663 2210 (lauet
684 2157 768 2226 quidi
786 2155 890 2227 legem,
902 2159 928 2226 si
938 2175 995 2212 non
1038 2201 1039 2204 ,

182 2230 245 2281 iure
256 2234 358 2295 rogata
369 2233 420 2288 est,
437 2226 558 2280 tolleret
578 2233 610 2277 nt
620 2227 725 2279 Titiam
738 2223 851 2282 decreto
863 2228 994 2298 collegii3
1038 2235 1039 2238 ’

183 2305 217 2350 ut
227 2298 333 2361 Livias,
348 2296 466 2349 oonsilio
476 2296 611 2364 Philippi,
622 2295 752 2351 Consulis
763 2304 791 2350 et
799 2298 936 2365 Augustis:
952 2301 996 2352 ni·
1038 2307 1039 2312 ’

183 2366 224 2420 lril
236 2368 321 2430 domi,
333 2365 403 2419 nihil
414 2367 541 2428 militiae,
552 2381 602 2433 per
611 2367 793 2434 magistratus
803 2375 923 2435 gestum,
934 2372 998 2426 sine

184 2454 281 2491 eorum
292 2438 462 2490 auctoritate
472 2451 554 2503 posse
565 2437 694 2504 cuiquam
704 2438 835 2504 probarit
864 2438 940 2494 Xlll.
951 2440 998 2495 32

183 2583 227 2630 est
246 2578 276 2628 in
297 2577 418 2644 collegio
440 2575 534 2627 vestro
554 2575 629 2627 inter
645 2576 810 2631 Marcellum
827 2586 855 2632 et
864 2580 998 2648 Appium,

91 2507 94 2510 ’
183 2510 262 2560 Aru.
279 2509 345 2575 Age,
354 2508 411 2557 iam
421 2508 478 2558 ista
487 2504 569 2556 video
580 2503 727 2575 fateorque
738 2524 800 2561 esse
809 2524 924 2576 magua:
943 2511 999 2566 sed
1038 2533 1039 2586 3

183 2647 308 2715 optimos
320 2661 449 2715 augures,
468 2656 570 2711 magua
580 2646 731 2701 dissensio:
753 2662 818 2701 nam
830 2663 927 2703 eorum
939 2666 998 2724 ego
1035 2645 1039 2660 ⁴
