2084 3025
249 122 382 177 Lissi„
404 125 489 179 ΌΔΡ.
500 122 596 178 Μ..
762 123 812 177 tsi

9 232 10 243 ¹
28 244 91 297 quae
102 235 167 280 esta
176 226 279 279 nostris
289 226 448 281 hominibus
458 227 608 283 edhueuut
617 228 757 299 ignor-utu,
768 235 816 280 sut

9 316 10 319 ¹
28 298 125 367 relicta.
157 296 227 348 Nam
239 304 303 364 post
313 299 427 350 annulos
437 298 604 353 Pontificum
621 300 816 362 maximorum,

28 370 118 438 quibus
130 365 196 417 nihil
207 373 300 433 potest
311 383 372 420 esse
381 369 538 421 iucundius:
551 371 576 421 si
586 370 679 422 autad
692 370 818 431 Fabium,

29 437 193 499 sotadeum,
205 437 254 503 qui
263 438 316 488 tibi
327 453 438 505 semper
446 440 476 491 in
487 454 536 492 ore
547 446 598 502 est,
616 443 760 502 cutonem,
770 445 820 490 sut

29 509 58 560 ud
69 508 200 568 Pisonem,
212 513 265 558 sut
273 507 309 559 ad
319 507 531 573 Fannium-eut
540 510 577 562 sd
588 508 764 563 Veuuouium
774 523 820 562 ve·

29 579 94 629 nias:
112 592 275 651 quamquam
287 594 321 630 ex
331 577 373 628 his
385 580 457 631 elius
470 580 526 632 alio
537 580 599 647 pius
607 579 697 632 habet
708 578 817 639 virium,

26 646 183 713 tamen-quid
198 646 354 710 tani-exile,
375 664 456 716 quam
472 650 521 701 isti
531 649 643 701 omnes!
662 648 763 703 Fannii
773 662 821 698 uu·

26 725 75 769 tem
84 717 168 768 aetati
179 718 342 769 coniunctus
351 718 498 787 Antipater
511 718 609 786 poulio
620 717 730 770 inflavit
740 715 821 768 vehs-

25 788 154 848 mentius‚-.
165 784 316 853 habuitque
323 788 400 840 uires
412 796 538 857 agrestes
549 789 598 841 illo
617 787 726 856 quidem
737 788 821 853 atquo

25 854 154 918 horridas,
174 857 234 908 siue
246 859 337 909 nitore
348 872 383 909 ue
391 859 543 926 palaestra,
563 859 612 910 sed
623 865 718 910 tumeu
728 856 822 908 aduro·

25 926 217 994 uerereiiquos
226 928 332 994 potuit,
340 935 372 980 ut
384 928 542 981 accuratius
553 929 716 981 seriberent.
748 927 822 977 Ecce

25 1005 109 1050 sutem
121 1011 280 1049 successere
291 997 463 1063 huie-Gellii,
476 998 601 1061 Clodius,
616 997 731 1059 Aseiiio,
750 994 822 1047 nihil

25 1068 55 1117 ad
70 1067 208 1128 Caelium,
230 1067 280 1118 sed
296 1067 389 1133 potius
406 1068 442 1119 ud
458 1070 637 1135 antiquorum
657 1068 820 1136 languorem

24 1144 99 1206 utque
118 1136 285 1188 inscitiam„
306 1138 331 1189 7.
352 1137 424 1200 Nem
439 1137 506 1207 quid
520 1135 820 1203 Macrumpumeremi

26 1209 97 1258 ouius
109 1208 274 1273 loquacitas
288 1204 373 1259 hebet
389 1207 497 1276 aliquid
512 1210 703 1276 argutiarum
722 1234 755 1245 -
770 1219 822 1257 noo

23 1276 48 1327 id
58 1282 151 1329 tamon
162 1292 197 1329 ex
208 1277 260 1328 iila
270 1276 383 1329 erudite
393 1278 566 1333 Graecorum
577 1279 673 1347 copies„
685 1276 735 1329 sod
745 1291 781 1328 ex
791 1274 825 1325 ii-

24 1345 147 1399 imriolis
154 1346 278 1398 latinis:
289 1348 359 1398 .--in
371 1349 546 1403 orationibus
556 1356 650 1401 autem
661 1347 825 1398 muitusine·
888 1387 896 1395 .

21 1418 104 1483 ptias3
120 1416 206 1468 elatio
218 1418 590 1485 summamimprudsnsiam.
626 1416 751 1476 Sisenm
766 1416 825 1467 eius

22 1488 132 1550 audeus,
144 1502 240 1539 omnes
251 1484 341 1551 adhue
351 1496 462 1541 nostros
473 1490 634 1557 scriptores,
645 1486 700 1539 uisi
711 1484 758 1553 qui
769 1484 826 1536 for·

20 1565 46 1609 te
56 1558 179 1609 nondum
192 1557 349 1622 ediderunt,
369 1559 404 1612 de
414 1560 515 1628 quibus
526 1560 687 1612 existimare
697 1570 752 1607 nou
761 1569 826 1622 pos·

9 1641 126 1691 querius,
137 1627 230 1680 <facile
246 1628 414 1695 superauit..
434 1631 461 1681 ls
475 1636 572 1682 tamen
586 1641 677 1695 neque
689 1630 786 1678 orator
797 1623 827 1675 in

19 1713 132 1751 numero
146 1704 244 1749 restro
262 1713 393 1765 umquam
409 1707 452 1752 est
467 1698 595 1762 habitus,
617 1696 689 1749 etin
705 1693 827 1747 historie

19 1769 124 1835 puerile
136 1768 276 1836 quiddam
290 1775 481 1822 consectatum
500 1777 534 1821 ut
550 1784 633 1821 uuum
646 1763 827 1829 Clitarchum,

19 1845 268 1906 nequepraoteroe
278 1853 452 1906 quemquam,
463 1838 621 1892 deGraeois
626 1836 729 1906 legisse
734 1835 827 1887 videu-

17 1914 74 1959 tur:
95 1914 265 1974 eum-tamen
275 1909 348 1961 veile
360 1910 507 1962 dumtaxat
517 1909 640 1962 imitari:
657 1922 738 1975 quoni
749 1906 774 1957 si
784 1921 827 1957 ss·

15 1978 93 2044 sequi
101 1985 217 2046 posset,
238 1978 417 2047 aliquantum.
427 1980 469 2032 ub⁴
478 1981 585 2047 optimo
596 1985 691 2031 tamen
706 1976 826 2030 obesset

15 2046 107 2108 Quare
120 2054 217 2100 tuum
227 2054 271 2100 est
285 2064 397 2101 munus:
416 2049 470 2101 h'oo
485 2065 502 2101 u
516 2055 546 2103 te
555 2052 750 2117 exspectatur:
770 2044 826 2097 nisi

13 2116 79 2181 quid
90 2116 202 2180 Quinto
218 2118 332 2169 ridetur
346 2135 435 2171 secus.
471 2119 518 2172 111.
536 2120 563 2171 8.
578 2118 611 2183 Q.
621 2115 694 2169 Mihi
708 2131 776 2169 voro
786 2115 827 2166 ui·

13 2183 68 2237 hil:
85 2191 215 2256 et·saepe
226 2188 261 2239 de
271 2188 327 2240 isto
339 2189 474 2241 collocuti
483 2204 596 2244 sumus..
625 2185 681 2240 Sed
689 2193 733 2240 est
764 2201 828 2238 uae·

16 2254 76 2307 dum
87 2259 169 2311 inter
180 2272 329 2325 nospsrva
340 2258 487 2312 dissensio.
511 2261 593 2314 Aur.
608 2257 687 2320 Quae
697 2202 828 2308 turicini

16 2323 78 2384 (Μ
94 2330 204 2396 quibos
218 2329 391 2395 temporibus
407 2328 547 2383 scribendi
562 2328 657 2399 cupiat
671 2325 827 2379 exordium.

16 2392 71 2462 Ego
83 2399 163 2451 euim
175 2399 212 2450 ab
223 2399 331 2450 ultimis
342 2415 450 2463 censeo,
470 2399 602 2467 quonium
612 2398 662 2449 ius
671 2398 713 2448 sie
722 2394 828 2459 scriptu

13 2473 87 2530 sunt,
111 2475 196 2521 utne
211 2469 343 2537 legantur
357 2469 480 2536 quidem:
502 2470 562 2536 ipse
576 2474 671 2546 eutgm
683 2463 827 2531 aequalem

9 2539 117 2594 aetatis
136 2555 210 2591 suae
225 2539 389 2593 memoriam
405 2539 545 2605 deposcit,
566 2545 598 2588 ut
614 2551 648 2588 ea
660 2530 828 2609 complecta·

8 2607 67 2669 tur,
93 2609 203 2675 quibus
214 2609 420 2675 ipseinterfuit.
457 2610 538 2660 Aur.
556 2608 618 2674 Ego
631 2617 697 2655 vero
708 2598 828 2659 huiciffl·
863 2658 868 2666 ,

8 2674 66 2728 tius
85 2674 245 2732 assentior.
282 2678 353 2733 Sunt
369 2678 443 2734 onim
461 2678 597 2733 pasturae
611 2688 657 2725 res
672 2665 764 2718 iuhuo
776 2675 829 2710 me·
