2084 3025
191 70 245 160 iro
369 90 375 106 ·
411 103 468 158 nn
485 88 777 157 murmurose
806 94 811 111 ¹

192 216 278 281 puteo
292 206 551 271 haustam,'terrac
565 213 670 259 motum
689 207 761 258 dixit
775 206 911 262 futurum.
946 209 996 263 Pe·

109 282 115 287 '
193 296 265 342 rum,
275 279 368 342 credo,
378 277 564 344 impudenter,
574 277 657 344 quod,
668 293 752 344 quum
762 277 855 329 factus
863 285 999 331 esset'mo·

193 356 250 412 tus,
265 347 359 400 dicere
369 347 482 409 audent,
498 362 570 413 quac
579 347 621 399 ris
632 346 664 397 id
673 347 809 399 effecerit:
826 349 947 400 etiarnne
958 349 999 399 iu·

193 426 288 471 turum
298 433 372 480 esse,
390 432 478 483 aquae
488 417 562 482 iugis
574 417 667 469 colore
676 416 889 484 praesentiunt?
908 418 999 469 Multa

193 486 355 539 istiusmodi
375 485 503 538 dicuntur
516 487 546 536 in
561 484 678 538 scholis:
699 488 749 538 sed
769 487 884 539 credere
897 489 1002 555 omnia,

193 556 272 618 vide,
290 571 328 607 ne
340 557 445 606 nonsit
459 570 582 608 necesse.
618 554 661 608 32.
681 554 786 615 Verum
796 557 854 607 sint
866 559 1004 608 saneista

134 636 143 646 ²
192 625 374 678 Democritea
385 641 466 677 vera.-
487 625 648 690 qnando'en
658 641 708 676 nos
721 628 794 677 extis
809 626 1002 692 exquirimus!

195 700 243 747 cut
253 695 364 762 quando
375 694 481 761 aliquid
492 694 628 745 eiusmodi
639 696 673 746 eb
685 693 845 760 haruspice,
867 696 1002 761 inspectis

195 765 281 826 extis,
299 764 472 825 audivimusi
489 765 528 815 Ab
541 779 613 830 equa
623 770 673 814 aut
684 765 719 814 ab
734 765 793 831 igni
804 765 930 831 pericula
944 779 1003 815 mo·

195 840 273 886 nent:
295 840 356 884 turn
367 833 550 893 hereditates,
572 841 632 882 tum
643 832 748 882 damna
758 833 934 884 hionnam:
957 834 1002 884 tis·

195 918 256 955 sum
275 901 416 954 familiare
435 909 464 952 et
483 901 570 952 vitale
588 907 725 952 tractant:
746 906 833 968 caput
846 904 952 954 iecoris
968 916 1004 956 ex

197 973 274 1024 omni
283 978 364 1039 parte
375 970 591 1035 diligentissime
602 971 789 1023 considerant:
803 974 827 1022 si
837 987 905 1023 vero
911 973 941 1023 id
948 987 1004 1024 nou

197 1050 239 1095 est
249 1043 402 1101 inventum,
416 1036 485 1089 nihil
498 1045 597 1105 putant
608 1041 735 1092 accidere
745 1041 1003 1107 potuisset'ristins.

159 1132 162 1140 ¹
195 1109 270 1163 XlV.
291 1111 372 1160 Haec
384 1109 528 1160 ebremari
539 1116 614 1160 certe
625 1125 681 1160 non
691 1117 854 1176 potuerunt,
874 1108 1004 1178 utsupra

196 1179 288 1230 docui.
324 1175 394 1229 Sunt
404 1177 492 1245 igitur
502 1180 572 1229 artis
581 1179 707 1242 inventa,
728 1197 783 1230 non
793 1180 958 1244 vetustatis,
978 1180 1003 1232 si

196 1255 293 1302 estam
304 1247 362 1299 ulla
372 1262 463 1298 rerum
474 1248 688 1316 incognitarum.
717 1247 760 1301 33.
772 1251 840 1300 Cum
850 1265 944 1301 rerum
954 1265 1002 1301 uu·

195 1324 251 1373 tem
263 1323 362 1368 natura
372 1332 453 1384 quarn
468 1319 661 1384 cognationem
678 1318 799 1371 habenti
819 1335 890 1385 quac
901 1327 934 1369 ut
945 1335 1002 1371 uno

196 1402 332 1438 consensu
340 1387 437 1438 iuncta
445 1387 483 1437 sit
495 1395 523 1440 et
536 1390 693 1451 continens,¹
702 1389 777 1456 quod
788 1389 870 1441 video
881 1389 1003 1456 placuis-

194 1473 225 1508 se
233 1455 377 1538 l'hysicis,
398 1458 494 1524 eisque
504 1459 642 1521 monime,
659 1460 706 1526 qui
716 1474 811 1522 omne,
831 1459 1003 1527 quodenset,

194 1543 278 1579 unum
289 1544 350 1580 esse
361 1527 501 1579 dixerunt:
517 1528 584 1595 quid
595 1528 698 1581 habore
709 1530 826 1580 arundus
835 1535 930 1596 potest
938 1544 1003 1580 curn

193 1597 322 1666 thesauri
328 1597 489 1648 inventione
501 1600 695 1652 coniunctum?
711 1598 741 1651 Si
752 1599 824 1651 enim
835 1600 907 1651 extis
919 1614 1004 1665 pecu·

193 1668 256 1719 nine
268 1666 335 1717 mihi
350 1667 532 1732 anrplillcatio
551 1668 719 1731 ostenditur,
741 1669 824 1736 idque
840 1670 872 1720 lit
887 1675 1002 1720 natura:

193 1738 311 1804 primum
327 1743 397 1787 exta·
405 1741 470 1787 sunt
487 1737 635 1788 coniuncta
650 1738 767 1790 mundo:
789 1739 890 1791 deinde
905 1751 1003 1791 nreum

139 1849 145 1853 .
193 1807 300 1857 lucrum
310 1813 410 1860 notura
419 1820 511 1857 rerum
524 1808 689 1861 continetur,
717 1808 816 1878 Nonne
827 1809 914 1875 pudet
924 1809 1002 1876 Phy-

193 1874 351 1927 sicoshaec
365 1874 477 1927 diceret
497 1873 620 1928 Uhcnim
631 1878 687 1929 iam
705 1878 741 1927 sit
753 1878 849 1945 aliqua
857 1878 886 1929 in
897 1885 1003 1930 natura

191 1960 284 1996 rerum
305 1945 449 2012 cognatio,
471 1960 554 2012 quam
573 1962 634 1998 esse
653 1947 789 1999 concedo:
815 1948 905 1999 multa
924 1948 1003 2000 enim

194 2012 284 2066 Stoici
294 2014 443 2081 colligunt:
465 2030 530 2065 nam
541 2020 570 2066 et
580 2017 766 2068 musculorum
784 2016 926 2069 iecuscula
935 2017 1002 2069 bru·

192 2098 240 2135 ma
262 2084 390 2134 dicuntur
410 2083 520 2149 augeri,
542 2089 570 2135 et
584 2086 709 2152 puleium
723 2088 831 2138 aridum
849 2086 1001 2140 lloreseero

192 2153 253 2219 ipso
266 2152 386 2203 brumali
396 2152 450 2214 die,
462 2158 490 2204 ct
500 2151 612 2205 inllatns
622 2157 713 2222 rumpi
724 2157 870 2219 vesiculas,
883 2165 913 2209 et
918 2158 1001 2211 semi-

192 2238 229 2273 na
239 2221 388 2282 malorum,
407 2222 563 2289 queciniis
574 2225 673 2278 mediis
688 2226 794 2277 inclusa
805 2228 875 2288 sint,
895 2228 1000 2288 incon·

192 2290 293 2341 tmrins
306 2295 402 2355 pantos
413 2305 443 2340 se
455 2297 578 2344 vertere:
594 2296 650 2345 iam
661 2311 761 2346 nervos
770 2297 798 2345 in
809 2296 923 2362 fidibus,
934 2298 999 2350 aliis

191 2358 288 2477 guisia,
299 2372 431 2410 resonare
441 2359 525 2410 ulios:
538 2365 693 2431 ostreisque
704 2373 732 2416 et
743 2364 901 2432 conchyliis
913 2369 1001 2419 omni-

212 2443 242 2478 us
255 2428 423 2491 contingere,
434 2435 466 2480 ut
476 2446 538 2480 cum
549 2431 615 2484 luna
626 2436 731 2499 puriter
738 2443 873 2498 crescant,
883 2439 1001 2504 pariter·

194 2511 246 2561 que
258 2495 430 2550 decrescant:
442 2499 611 2567 arboresque
622 2510 653 2553 ut
662 2502 778 2556 hiemali
785 2511 924 2571 temporo,
939 2521 1003 2558 cum

149 2571 152 2576 '
193 2562 259 2615 luna
279 2565 362 2615 simul
380 2573 565 2630 senescentes,
586 2572 654 2640 quia
674 2578 734 2626 tum
754 2574 915 2632 exsiccatae
936 2577 1001 2639 sint,

192 2634 359 2703 tempestive
369 2634 449 2689 caedi
458 2643 598 2707 putentur.
