2084 3025
233 138 290 192 nn
308 138 504 194 smrcrrm
522 139 607 194 cnr.
624 140 650 195 o.
669 112 725 195 10ss
797 174 804 195 ,
838 140 873 196 tr

62 247 154 298 seret.
190 242 246 296 Sed
260 243 325 312 quia
339 250 442 298 natma
458 247 562 297 niutari
572 260 627 305 non
638 250 745 313 potest,
765 238 873 297 ideirco

62 329 150 367 verae
171 314 313 366 amicitiae
333 315 519 383 sempiternae
534 310 623 435 eunti)
645 317 745 368 Ortum
762 314 873 382 quidem

64 383 210 437 amicitiae
229 384 345 446 videtis,
374 386 428 436 nisi
447 385 516 453 quid
537 385 573 437 ad
613 401 663 439 aec
681 385 757 437 forte
778 384 872 437 vultis.

62 453 169 506 Parra
188 454 232 505 Tu
247 470 314 506 vcro
330 469 428 522 perge,
449 454 541 508 Laeli.
577 453 631 507 Pro
650 453 703 506 hoc
718 456 805 518 eninr,
825 454 875 523 qui

62 523 161 576 minor
176 531 219 575 est
235 530 319 586 natu,
338 540 400 577 meo
416 526 476 577 iure
490 525 656 592 respondeo.
692 524 735 578 ³3.
754 523 874 578 Sem.

64 595 155 647 Recte
167 598 198 644 tu
210 593 329 660 quidem.
366 597 552 657 Quamobrem
564 594 716 647 audiamus.

121 664 157 715 X.
175 662 279 716 Lssr..
296 664 396 717 Audite
406 680 483 732 ergo,
495 664 595 732 optimi
606 664 667 726 riri,
679 679 722 726 ea,
734 678 805 730 quae
815 678 876 717 sae·

64 733 183 802 pissime
197 734 272 785 inter
287 749 331 785 me
347 741 376 787 et
391 734 549 801 Scipionem
569 733 603 785 de
619 732 744 785 anricitia
759 733 876 785 dissere·

63 805 180 856 bantur.
211 802 386 870 Quamquam
397 805 447 856 ille
458 804 571 872 quidem
582 803 652 854 nihil
663 802 803 854 difficilius
814 817 876 856 esso

65 873 194 934 dicebat,
214 887 296 938 quam
312 873 463 924 amicitiam
478 888 567 940 usque
582 873 617 924 ad
632 880 786 925 extremum
802 872 876 926 ritas

64 956 240 1011 permanere.
276 941 416 1005 Namvel,
436 949 468 993 ut
486 958 542 994 non
553 942 626 993 idem
638 941 878 1009 expediret[utri·

64 1010 153 1080 que],
168 1009 291 1063 incidere
303 1027 401 1078 saepe;
421 1013 479 1076 vel,
494 1019 526 1064 ut
537 1012 570 1064 de
581 1012 724 1080 republica
734 1027 789 1062 non
800 1011 876 1063 idern

63 1083 218 1133 sentirent:
239 1083 341 1132 niutarl
351 1083 435 1134 etiam
446 1097 538 1135 mores
551 1081 692 1134 bominum
708 1097 791 1150 saepe
803 1081 876 1133 dice·

64 1152 128 1213 bat,
140 1151 210 1202 alias
222 1151 345 1203 adversis
357 1152 449 1215 rebus,
466 1153 538 1204 alias
550 1159 643 1206 aetate
654 1153 875 1221 ingravescente.

62 1223 159 1289 Atque
169 1235 264 1272 earum
276 1236 369 1273 rerum
381 1222 536 1290 exemplum
549 1239 582 1275 ex
595 1222 775 1274 similitudine
785 1222 875 1288 capie-

63 1292 118 1343 bat
128 1291 250 1342 inetmtis
262 1291 379 1354 aetatis,
401 1293 475 1359 quod
492 1293 593 1343 summi
608 1306 755 1359 puerorum
765 1304 875 1342 amores

63 1375 154 1427 saepe
164 1375 220 1411 una
230 1376 291 1411 eum
303 1368 450 1427 praetexta
460 1368 637 1428 ponerentur.
666 1359 709 1413 at.
721 1360 770 1412 Sin
782 1365 875 1411 autern

62 1431 105 1483 ad
117 1429 334 1489 adolescentiam
354 1431 560 1498 perduxissent3
580 1430 674 1482 dirimi
686 1437 780 1482 tamen
790 1429 876 1480 inter·

62 1502 133 1555 dum
151 1501 330 1553 contentione
345 1502 390 1554 vel
406 1502 522 1554 uxoriae
540 1500 721 1564 conditionis,
743 1500 787 1552 vel
803 1514 876 1551 com·

61 1570 147 1624 modi
156 1570 281 1634 alicuius,
286 1571 360 1639 quod
371 1571 444 1625 idem
455 1572 574 1639 adipisci
584 1578 700 1638 uterque
710 1586 764 1622 non
772 1575 875 1637 posset.

63 1641 152 1703 Quod
167 1642 193 1692 si
210 1641 255 1709 qui
271 1641 382 1762 longius
397 1641 425 1692 in
436 1643 561 1694 amicitia
571 1641 696 1709 provecti
707 1646 813 1701 essent,
833 1645 875 1689 ta·

60 1727 131 1765 nien
151 1726 235 1777 saepe
253 1711 316 1764 labe
330 1712 430 1773 aeteri,
452 1713 477 1763 si
493 1710 650 1764 inhonoris
668 1710 874 1763 contentionem

59 1780 244 1835 incidissent:
265 1790 373 1848 pestem
385 1782 457 1833 enim
469 1783 603 1834 maiorem
619 1797 679 1834 esse
689 1782 795 1832 nullam
806 1778 874 1831 ami·

62 1850 155 1912 citiis,
174 1865 257 1917 quam
274 1850 459 1920 in'plerisquc
475 1852 609 1917 pecuniae
629 1851 822 1918 cupiditatem:
844 1849 874 1899 in

60 1919 182 1987 optimis
198 1920 351 1987 quibusque
366 1919 482 1972 honoris
498 1927 637 1973 costenten
653 1928 682 1973 et
698 1922 818 1988 gloriae:
839 1931 874 1971 ex
927 1975 932 1980 ,

59 2006 119 2058 qno
131 1989 297 2041 inimicitias
309 1992 445 2042 maximas
457 2006 540 2058 saepe
552 1991 623 2043 inter
633 1992 818 2042 amicissimos
828 2002 874 2041 ex·

58 2060 183 2112 stitisse.
219 2057 262 2111 35.
280 2059 467 2127 Magnaenim
479 2059 605 2124 dissidia,
624 2068 651 2114 et
662 2062 821 2128 plerumque
832 2059 873 2110 iu·

60 2137 110 2184 sta
121 2129 210 2190 nasci,
231 2144 314 2197 quum
325 2130 433 2198 aliquid
445 2130 479 2181 ab
491 2131 598 2192 amicis,
617 2131 691 2198 quod
702 2138 807 2182 rectum
818 2144 873 2180 non

60 2205 151 2263 emet,
163 2199 368 2266 postularetur:
390 2208 421 2251 ut
431 2207 480 2251 aut
490 2200 616 2252 libidinis
628 2202 757 2263 ministri,
769 2206 817 2252 aut
827 2198 873 2248 ad·
897 2259 903 2271 .

55 2271 176 2322 interes
197 2277 291 2321 essent
311 2269 346 2320 ad
365 2270 504 2322 iniuriam.
542 2272 623 2334 Quod
644 2271 691 2337 qni
704 2273 873 2330 recusarent,

59 2338 195 2407 quamvis
204 2337 321 2391 honeste
331 2338 360 2389 id
371 2338 504 2402 lacerent,
514 2341 559 2393 ius
572 2347 665 2393 tamen
677 2341 817 2391 amicitiae
827 2336 874 2388 de·

57 2423 161 2461 serere
182 2416 366 2477 arguerentur
385 2411 419 2461 ab
436 2411 485 2469 iis,
505 2412 605 2477 quibus
621 2411 737 2474 obsequi
753 2408 872 2458 nollent:

53 2478 131 2530 illos
143 2484 250 2540 autem,
272 2480 321 2546 qui
337 2479 446 2548 quidvis
458 2480 492 2530 ab
504 2482 594 2532 arnico
606 2478 741 2531 auderent
751 2475 873 2543 postula·

54 2562 105 2609 re,
115 2549 306 2613 postulatione
317 2550 377 2616 ipsa
387 2549 524 2616 profiteri,
536 2550 629 2601 omnia
640 2561 669 2596 sc
680 2546 763 2596 amici
775 2558 874 2596 mussa

56 2632 127 2672 esse
139 2616 272 2670 facturos.
302 2619 408 2671 Eorum
419 2620 533 2686 querela
543 2620 713 2669 inveteratas
724 2629 779 2664 non
789 2612 872 2665 niodo

55 2687 277 2744 tanniliaritates
288 2690 429 2757 exstingui
440 2688 546 2751 solere,
565 2686 614 2738 sed
626 2684 710 2738 etiam
721 2683 786 2735 odia
795 2680 873 2751 gigni
