2084 3025
149 209 152 215 ,
184 148 236 207 166
352 147 393 205 Μ,
413 148 560 206 TULLII
582 142 809 203 CICERONIS

168 257 278 310 'rorum
288 253 319 307 in
328 268 430 309 uxores
440 251 567 316 seelera!
578 253 697 316 censitis
709 249 877 305 crudelitate
886 247 990 303 mixtas

182 325 323 388 libidines,
334 325 436 378 videtis
447 327 595 390 immanem
614 323 733 376 duorum
742 321 931 373 maximorum
940 320 990 371 eri·

182 395 287 446 minum
295 400 443 459 auctores,
465 396 565 464 quibus
581 393 743 447 criminibus
761 390 831 443 haec
842 396 907 441 tota
916 387 991 458 apud

181 462 296 531 ignaros
307 471 358 517 aut
366 465 475 517 invidos
485 464 594 518 famam
605 478 703 517 caussa
713 467 764 526 est,
777 460 854 514 omni
863 458 991 511 facinore

184 539 213 587 et
223 532 335 603 flagitio
346 534 517 588 deformatos
526 534 648 588 bebetis.
865 551 871 563 ¹
938 596 945 610 .

237 600 280 657 14.
300 604 373 657 Num
382 605 471 672 igitur
480 605 510 658 in
519 604 562 657 his
572 602 743 664 criminibus,
762 600 877 662 iudices,
888 596 994 650 residet

182 674 242 727 idm
251 673 349 743 aliqua
365 674 504 743 suspiciet
521 675 588 732 Non
600 677 770 742 perpurgata
778 669 862 722 eunti
882 682 941 718 nen
951 682 993 747 re·

182 743 303 797 tutata!-
317 758 372 796 uon
381 743 491 796 stactei
512 744 567 807 our
579 745 665 811 igitur
681 741 711 794 id
722 740 827 792 factum
838 737 901 789 est!
921 736 995 798 Qun

184 813 290 868 deusti
300 811 376 878 mihi,
385 814 488 877 'friati
498 814 574 882 quod
584 813 729 874 diluerem,
743 812 773 861 in
782 823 837 877 quo
850 821 993 886 argumen-

141 947 143 950 Υ
183 888 276 946 turer,
295 883 394 952 dequo
407 883 595 952 disputarem
615 883 775 950 quingenos
787 875 929 931 eiusmodi
938 874 993 926 fust

185 953 346 1015 criminum,
367 952 443 1021 quod
461 968 518 1005 non
534 958 628 1008 totum
644 950 777 1019 penderet
788 963 823 1001 ex
834 951 923 1009 teste,
943 942 994 997 sed

185 1021 261 1088 quod
271 1020 441 1088 ponderaret
451 1022 536 1075 iudex
545 1024 606 1089 ipse
617 1036 667 1089 per
676 1036 714 1072 se.
751 1015 795 1070 15.
806 1016 906 1082 Neque
916 1027 994 1076 vere,

183 1090 299 1152 iudices,
321 1089 470 1160 quidquam
484 1091 561 1143 aliud
571 1092 601 1142 in
611 1092 710 1159 ignoto
721 1093 794 1140 teste
806 1086 902 1137 facere
913 1082 995 1137 debe·

182 1174 256 1222 nus,
265 1159 321 1210 nisi
331 1165 364 1214 ut
372 1167 548 1227 argumento,
567 1161 739 1220 coniectura,
759 1153 932 1223 suspicione,
953 1168 996 1206 re·

182 1244 247 1282 rum
260 1231 383 1296 ipsarum
398 1231 453 1283 vim
471 1236 655 1297 naturamque
667 1241 845 1296 quaeramus.
881 1223 997 1276 Etenim

183 1299 267 1351 testis
279 1314 334 1350 non
344 1298 428 1352 modo
437 1299 506 1353 Afer
520 1297 589 1370 (aut
600 1298 703 1356 Sardus
713 1303 795 1359 sane,
814 1295 841 1346 si
851 1293 896 1346 ita
906 1292 998 1346 scisti

183 1367 294 1421 ueniunt
305 1365 463 1441 nominari)
474 1368 524 1421 sed
533 1370 624 1437 quiris
635 1369 720 1420 etiam
735 1364 899 1432 elegantior
911 1378 946 1416 ac
955 1377 998 1416 rs·

182 1436 439 1505 ligiosiorimpolli,
459 1439 607 1502 deterreri,
628 1437 707 1508 tingi,
727 1435 805 1489 flecti
814 1439 928 1502 potcst;
949 1433 998 1484 do-

183 1508 276 1560 minus
295 1515 339 1560 est
348 1509 409 1575 ipso
419 1508 573 1562 voluntatis
582 1524 670 1573 suae,
691 1507 720 1559 in
733 1521 788 1575 quo
800 1511 844 1558 est
854 1503 998 1573 impunite

183 1576 336 1629 mentiendi
345 1579 468 1632 licentio.
495 1576 538 1632 16.
548 1581 746 1647 Argumentum
757 1589 834 1638 vero,
846 1574 928 1641 qued
938 1571 998 1643 qui·

184 1644 263 1717 dem?
272 1651 314 1699 cst
323 1649 467 1716 proprium
476 1649 520 1701 rei
525 1644 629 1717 (neque
640 1648 712 1701 enim
722 1646 811 1698 ullum
822 1644 905 1697 aliud
917 1658 997 1711 argu·

29 1786 38 1793 .
141 1758 144 1763 .
183 1721 308 1776 mentum
317 1732 382 1770 rere
393 1718 492 1771 vocari
500 1724 603 1785 potest.
638 1718 741 1770 Rerum
755 1720 997 1768 voxcstnaturse

184 1785 351 1852 uestigium,
369 1787 497 1840 veritatis
507 1785 634 1858 nota)id
647 1787 849 1856 qualecumque
861 1791 924 1847 cst,
944 1798 997 1835 ma·

183 1861 252 1909 ucat
267 1855 443 1908 immutabile
464 1872 577 1921 necesse
592 1864 655 1909 est:
677 1871 733 1921 non
749 1855 823 1908 enim
833 1854 958 1921 fingitur
968 1850 997 1904 ai

185 1929 310 1986 aratore,
331 1924 382 1976 sed
392 1927 527 1978 *sumnum
563 1927 656 1989 Quare
671 1925 701 1976 in
722 1940 755 1977 eo
766 1939 871 1994 genere
883 1937 998 1976 accusa-

183 1993 271 2047 tionis
282 1993 307 2044 si
318 1994 457 2057 vincerer,
478 1995 687 2047 succumberem
697 2001 727 2046 et
737 1994 883 2047 cederem:
905 1994 999 2048 vinee

182 2063 317 2115 reromni
327 2079 366 2127 re,
386 2065 513 2117 vincerer
524 2080 631 2127 cerusa,
645 2064 773 2116 vincerer
782 2062 920 2116 veritate.
957 2059 999 2114 17.

183 2133 291 2200 Agmen
300 2139 332 2184 tu
342 2126 412 2185 mihi
421 2134 539 2186 inducas
545 2133 700 2186 Sardorum
709 2139 738 2185 et
749 2132 899 2184 catervast
916 2138 947 2185 et
957 2145 1000 2183 mc

183 2215 240 2253 non
251 2201 413 2254 criminibus
422 2218 537 2271 urgere,
558 2203 608 2255 sed
616 2202 746 2254 Afrorum
757 2201 880 2253 fremitu
890 2207 1001 2255 terrere

185 2271 303 2323 couerci
322 2270 386 2324 Non
403 2278 505 2338 potero
521 2272 649 2340 equidem
660 2272 819 2339 disputare3
841 2271 896 2323 sed
907 2271 945 2323 ad
955 2269 1002 2321 ho·

183 2353 246 2396 rum
266 2340 349 2392 fidem
366 2346 394 2393 et
404 2340 646 2394 mansuetudinem
657 2340 821 2412 confugere,
845 2340 886 2391 ad
906 2339 1002 2393 iusiu-

183 2409 301 2461 randum
310 2409 440 2475 iudicum,
459 2413 499 2478 qd
508 2412 606 2479 populi
616 2410 736 2463 Romani
746 2409 935 2477 aequitatem,
954 2407 1001 2476 qui

182 2472 255 2528 hanc
277 2475 416 2531 inutilium
438 2481 474 2534 in
490 2480 543 2532 hac
556 2481 627 2534 urbe
644 2481 798 2548 principem
811 2478 912 2533 voluit
930 2493 1000 2541 esse,

182 2540 308 2597 Deorum
319 2548 521 2601 immortalium
531 2565 633 2602 nomen
643 2550 795 2615 implorare
804 2554 931 2613 potero,
953 2546 1000 2614 qui

185 2621 295 2731 semper
306 2617 473 2671 exstiterunt
483 2618 548 2671 huic
556 2620 655 2685 generi
666 2618 828 2684 nominique
839 2614 983 2679 lautores.

256 2683 281 2733 8.
302 2682 447 2756 Poposcit,
468 2687 627 2759 imperarit,
646 2688 762 2763 eripuit,
781 2685 889 2761 coegit.
912 2713 947 2727 -
969 2683 1000 2739 Si
