2084 3025
326 165 598 223 FRAGMENTA.
619 193 621 197 ·
812 168 863 225 121

54 274 134 327 iuria
145 271 232 325 occisi
242 277 336 325 essent
346 287 439 326 necne.
469 271 514 325 De
525 287 578 341 quo
592 268 644 325 boc
654 272 772 339 pslmum
782 287 866 342 quiae

54 358 103 404 ro,
123 342 230 395 venerit
240 349 272 396 s'a
282 357 325 394 res
335 343 364 393 in
373 340 426 395 hoc
436 342 571 409 iudicium
582 357 676 395 necne.
712 341 743 394 Si
754 358 808 395 non
818 359 865 396 re·

54 414 117 466 uit:
138 410 206 479 quid
216 411 326 475 attinet,
346 411 571 476 autnosdiccrc,
591 411 701 463 autbos
714 411 866 478 quaerere!

57 481 91 534 Si
104 487 199 533 arrtem
211 481 300 543 venit,
321 480 389 549 quid
404 482 519 533 attinuit
533 486 628 532 tetam
639 480 736 531 multis
745 482 837 533 verbis
848 497 866 535 a

58 550 196 602 Praetore
208 550 359 616 postulare,
368 557 400 601 ut
409 550 526 603 adderet
536 550 565 601 in
575 550 710 602 iudicium
721 565 867 614 rnrunrs,

59 626 91 671 ct
110 620 178 685 quia
192 634 247 672 non
261 621 454 686 impetrasses,
474 620 616 671 Tribunos
628 619 666 686 pl
683 619 823 685 appellare
839 626 868 670 ct

59 688 109 740 hic
123 690 154 748 in
168 687 274 739 iudicio
291 689 368 756 queri
379 688 521 740 Praetoris
532 689 726 756 immutatam,
747 687 820 755 quod
832 687 867 739 de

61 771 202 816 rsuram
218 772 273 808 non
288 758 354 809 addi
369 757 470 811 debetl
505 755 548 809 30.
567 758 647 810 llaec
663 771 745 824 quum
756 756 869 808 Praeto-

60 840 122 878 rem
133 826 308 893 postulabas,
330 843 411 895 pisum
428 825 569 878 Tribunos
580 826 754 894 appellabas,
775 841 868 893 nempe
926 848 932 855 ·

60 896 106 948 ita
117 896 239 958 dicebas,
251 902 418 970 potestatem
430 895 485 946 tibi
496 896 556 948 lieri
568 901 706 961 oportere,
718 899 759 955 int,
770 894 795 944 si
806 908 868 960 pos·

60 981 117 1028 ses,
126 964 358 1031 reciperatoribus
368 965 558 1032 persuaderes,
578 980 634 1015 non
645 979 705 1016 esse
716 963 817 1013 iniuria
827 962 868 1013 Μ.

62 1033 161 1087 Tullio
175 1035 303 1086 damnum
315 1035 420 1087 datum.
449 1034 532 1097 Quod
542 1049 609 1102 ergo
619 1033 685 1085 ideo
696 1033 725 1083 in
736 1031 869 1084 iudicium

62 1103 132 1156 addi
144 1102 268 1166 voluisti,
283 1110 315 1154 ut
324 1104 359 1155 de
369 1119 403 1156 eo
414 1103 466 1154 tibi
477 1104 552 1171 apud
561 1103 762 1170 reciperatores
773 1100 868 1152 dicere

40 1192 48 1196 ’
60 1173 181 1236 licerct3
203 1187 236 1225 eo
253 1188 308 1223 non
319 1173 415 1224 addito
427 1172 512 1224 nihilo
532 1174 622 1224 minus
632 1178 726 1224 tamen
736 1171 778 1221 ita
789 1169 868 1231 dicis,

61 1242 145 1312 quasi
155 1242 184 1293 id
195 1241 298 1308 ipsum,
318 1259 335 1294 a
353 1257 407 1310 quo
424 1243 607 1309 depulsuscs,
628 1237 805 1307 impetrarim
824 1239 868 1300 nt,

61 1311 167 1380 quibus
175 1312 267 1363 verbis
278 1311 308 1362 in
318 1311 490 1364 decernendo
502 1310 635 1363 Metellus
647 1321 713 1360 usus
724 1315 775 1370 cst,
796 1312 869 1359 ecte·

59 1382 101 1443 ri,
118 1395 188 1448 quos
200 1380 362 1448 appellasti,
381 1407 414 1418 -
433 1393 524 1431 nonne
535 1378 605 1431 baec
614 1378 735 1429 omnium
746 1377 799 1427 fuit
809 1389 871 1426 ora·

59 1452 120 1512 tio,
141 1449 213 1518 quod
228 1450 256 1501 vi
266 1449 422 1501 hominihus
433 1449 549 1500 armatis
559 1447 699 1500 coactisve
710 1445 820 1497 familia
829 1444 870 1494 fo·
892 1459 894 1468 ’

61 1521 137 1573 cisse
154 1516 310 1583 diceretur,¹
325 1519 355 1571 id
369 1518 482 1571 tametsi
496 1518 574 1570 nullo
591 1518 653 1568 iure
663 1517 726 1568 lieri
736 1512 869 1583 potuerit,

59 1597 157 1643 tamen
170 1605 199 1643 se
211 1589 281 1643 nihil
293 1587 456 1641 additnrosl
490 1586 536 1639 40.
557 1587 596 1638 Et
605 1593 691 1648 recte,
702 1585 871 1652 reciperato·

58 1672 118 1713 res.
155 1658 227 1711 Nam
246 1657 478 1726 quum-perfugio
498 1655 576 1707 nullo
598 1656 754 1707 constituto
775 1662 870 1705 tamen

59 1727 134 1781 haec
154 1729 261 1780 scelera
272 1729 346 1781 servi
362 1725 546 1778 audacissimo
562 1724 679 1786 faciant,
700 1723 807 1777 domini
821 1722 871 1772 im·

85 1796 267 1849 udentissime
281 1799 489 1849 ‘confiteanturz
521 1794 588 1861 quld
608 1793 727 1848 censetis
747 1793 819 1857 lore,
846 1787 895 1859 sl·
986 1818 992 1825 ·

59 1812 183 1922 linceos
191 1864 297 1919 iudicet
309 1864 446 1918 eiusmodi
457 1862 551 1916 caedis
562 1864 624 1916 fleri
638 1866 700 1916 iure
710 1861 811 1931 posset
829 1862 871 1913 lln

6 1996 10 1999 .
61 1936 217 2004 quidquam
233 1937 364 1998 interest,
384 1940 478 1985 utrum
493 1934 675 2000 magistratus
690 1939 807 2001 peccato
826 1930 872 1982 dc·

59 2005 222 2067 sensionem
232 2005 405 2056 constituant
415 2019 450 2063 an
461 2003 597 2070 peccandi
606 2004 774 2070 potestatem
784 2002 869 2053 licen·

60 2075 189 2141 tiamquc
201 2071 380 2140 permittant?
406 2069 450 2125 4'1.
461 2073 582 2137 Etenim,
593 2068 804 2140 recipciatorcs,
814 2083 872 2120 non

62 2143 167 2195 damno
179 2149 389 2199 commoventur
406 2142 603 2208 magistratus,
623 2150 655 2194 ut
666 2144 694 2193 in
706 2142 776 2193 hacc
786 2139 872 2191 verba

60 2212 197 2265 iudicium
213 2213 287 2265 dent.
323 2212 394 2264 Nam
411 2211 437 2274 si
449 2212 479 2264 id
497 2223 583 2266 esset:
603 2226 654 2266 nec
668 2211 871 2278 reciperatores
941 2234 944 2239 >

85 2283 161 2334 otius
172 2280 278 2346 darent,
289 2297 371 2351 quam
381 2280 512 2346 iudicem,
522 2298 574 2334 nec
584 2282 614 2333 in
623 2282 778 2333 universam
791 2277 871 2329 fami·
940 2296 941 2299 ¹

60 2298 141 2414 llana
150 2352 198 2402 s'ed
209 2352 238 2402 in
250 2367 321 2414 eum,
333 2351 442 2417 quicum
455 2352 619 2406 nominatim
631 2356 768 2418 ageretur,
779 2362 831 2398 nec
841 2347 872 2397 in

63 2421 261 2489 quadruplum,
271 2421 321 2473 sed
330 2420 495 2487 inxduplum3
517 2427 544 2473 et
554 2421 592 2473 ad
600 2436 664 2471 unu
673 2434 741 2470 nun
758 2416 872 2469 addere·

63 2498 115 2543 tur
129 2506 278 2543 rnruars.
314 2490 410 2557 Neque
421 2490 493 2540 enim
503 2490 542 2551 is,
563 2490 611 2556 qui
620 2488 673 2538 hoc
682 2487 813 2538 iudicium
826 2484 871 2535 de·

65 2560 125 2624 dit,
146 2559 181 2612 de
200 2560 300 2612 ceteris
316 2559 424 2611 damnis
440 2559 474 2610 ab
490 2558 553 2626 lege
566 2556 688 2627 ,lquillia
703 2555 823 2617 recedit,
842 2554 872 2608 is

66 2630 170 2699 quibus
186 2628 259 2680 nibil
275 2629 367 2751 alim
381 2628 434 2679 nisi
449 2628 589 2680 damnum.
626 2623 872 2690 quaestoriae·
955 2627 959 2633 '

65 2708 116 2753 tor
126 2700 249 2752 animum
262 2699 343 2779 do-et
354 2698 508 2752 advertere.
