2084 3025
176 109 211 165 12
388 148 393 157 .
447 109 557 163 CATO
573 106 708 164 MAIOR

177 217 223 268 ut.
234 212 435 267 coruncanius:
443 212 515 266 nihil
526 214 651 268 modo-P.
664 215 796 279 Crassum
808 229 826 266 a
834 212 932 282 quibus
940 212 978 265 iu·

170 299 211 348 se
220 285 326 337 civibus
334 285 613 352 praescribebantur:
623 300 740 353 qnorum
751 300 839 353 usque
849 285 979 336 adextre-

177 371 252 407 mum
268 355 399 421 spiritum
413 361 458 406 est
472 354 769 423 provectnprudentiu.
805 355 851 407 28.
871 355 981 416 Orator,
1032 408 1033 411 ,

175 431 284 488 metuo,
303 441 337 478 ne
351 424 517 495 languescat
535 431 698 482 senectute·
724 426 777 476 Est
792 424 867 477 enim
883 439 979 481 munus

176 495 237 548 eius
247 511 302 547 noa
312 496 420 563 ingena
427 496 531 569 solum,
543 496 593 548 sed
604 497 725 548 laterum
737 496 823 547 etiam
835 495 980 547 ctririmu.

177 566 295 618 Omnino
305 580 436 617 canorum
447 565 518 617 illud
527 565 554 617 iu
567 579 635 618 voce
646 565 815 632 splendescit
826 566 923 628 ctiam,
937 579 981 617 ne·

177 637 236 695 seio
252 651 306 704 quo
319 642 416 703 pacto,
436 636 466 686 in
480 642 638 701 senectute3
659 635 732 702 quod
747 634 878 702 equidem
894 631 983 687 amns

176 723 233 759 nou
243 707 340 770 aunisi3
361 712 390 758 et
399 705 501 758 ridetis
517 721 618 757 anuos:
640 704 691 758 sed
705 713 798 757 tannen
810 704 930 756 decorus
942 708 988 755 est·

178 791 270 830 sermo
281 775 365 838 senis,
385 775 496 845 quietus
506 781 535 828 et
549 777 696 839 remissum
715 774 839 842 fecitque
848 788 984 842 persaepe

176 847 240 914 ipsa
258 847 314 900 sibi
332 845 503 897 audientium
517 845 624 898 diserti
644 845 718 897 senis
735 850 847 911 compta
862 850 892 897 ct
908 844 984 896 mitis

179 917 281 969 oratio.
317 915 397 980 Quod
407 914 432 966 si
442 916 502 981 ipse
513 916 628 982 exsequi
638 930 767 982 nequeas,
785 915 877 982 possis
888 921 985 967 tumea

178 986 302 1054 Scipioni
312 985 473 1053 praecipere
483 991 511 1037 et
520 985 630 1038 Laelio.
665 985 741 1046 Quid
750 986 824 1036 enim
835 984 985 1036 iucundius

177 1062 334 1117 senectute,
354 1056 462 1121 stipata
471 1055 575 1107 studiis
585 1054 757 1106 inventutis!
780 1056 824 1107 29.
835 1056 878 1106 An
889 1071 929 1107 nn
938 1068 986 1108 ees

176 1126 287 1194 quidem
298 1126 372 1176 vires
383 1125 521 1191 senectuti
533 1126 729 1193 relinquemus,
748 1130 781 1175 ut
792 1124 987 1178 adolescentu-

175 1197 220 1248 los
230 1195 340 1258 doceat,
354 1194 493 1258 instituat,
502 1195 539 1246 ad
550 1211 631 1247 oniae
642 1194 726 1246 officii
736 1209 834 1247 munus
844 1192 988 1247 instructi

175 1268 238 1333 Quo
250 1264 361 1334 quidem
373 1280 457 1333 opere
466 1266 532 1332 quid
545 1271 711 1332 potestesse
722 1265 915 1331 praeclarius?
934 1265 985 1317 Mi·

175 1334 205 1387 hi
219 1351 286 1388 vero
297 1337 346 1389 Cn.
358 1342 385 1388 et
395 1335 426 1387 P.
436 1334 581 1402 Scipiones
598 1342 626 1387 ct
642 1335 744 1387 exitui
760 1334 829 1399 duo,
849 1335 882 1387 L.
894 1335 988 1389 Aemi·

173 1405 231 1458 lius
242 1412 271 1458 ct
280 1405 312 1458 P.
322 1405 477 1469 Africanus,
492 1407 630 1467 comitatu
640 1404 775 1458 nobilium
786 1406 985 1461 iuvenentur·
1030 1394 1033 1499 t

174 1475 456 1529 mnatiriuebsntur.
494 1476 554 1529 Ncc
568 1476 621 1529 ulli
630 1475 764 1529 bonarum
779 1476 884 1529 artium
896 1477 984 1547 magi

175 1547 230 1604 stri
243 1561 298 1598 non
312 1548 390 1599 beati
406 1547 536 1613 putandi,
557 1547 685 1614 quamvis
699 1548 896 1600 consenuerint
912 1551 992 1602 vires

176 1622 260 1684 atque
271 1616 433 1669 defecerint.
453 1617 518 1668 Etsi
528 1618 586 1669 ista
596 1618 659 1685 ipse
669 1616 792 1671 defectio
800 1618 910 1671 virium
920 1618 984 1672 ado·
1031 1613 1032 1670 i

176 1687 422 1754 lescentine,n·itiis
438 1686 559 1740 efficitur
574 1688 699 1754 saepius,
721 1702 803 1754 quam
819 1690 985 1742 senectutis.
1030 1727 1031 1742 n

175 1757 344 1818 Libidinosa
354 1756 457 1809 etenim
473 1763 502 1810 et
515 1758 706 1825 intemperans
718 1757 986 1812 adolescentineffs·
1030 1745 1031 1840 t

152 1835 154 1840 ’
175 1834 235 1878 tum
247 1841 345 1894 corpus
357 1826 445 1879 tradit
456 1827 613 1880 senectuti..
633 1827 675 1880 30.
688 1828 778 1894 Gyras
788 1828 901 1895 quidem
912 1824 989 1896 opud

174 1894 390 1961 Xenophontem
413 1913 447 1950 co
466 1912 610 1958 sermone,
631 1912 712 1965 quem
733 1898 856 1950 moriens
878 1897 985 1962 habuit,

175 1980 259 2032 quum
272 1965 421 2018 adeundum
436 1983 521 2021 senex
536 1974 623 2030 esset,
641 1973 726 2035 negat
740 1983 770 2020 se
781 1982 915 2036 umquam
927 1985 990 2023 seu*

175 2035 256 2097 sisse,
272 2043 443 2089 senectutem
453 2039 532 2090 suem
542 2036 758 2090 imbecilliorem
770 2037 887 2102 factam,
904 2052 985 2108 qnam
1028 2055 1029 2070 ¹

177 2103 369 2157 adolescentia
379 2106 488 2160 fuisset.
507 2109 570 2175 Ego
580 2106 613 2159 La
625 2107 772 2159 Metellum
783 2110 901 2161 memini
909 2123 985 2177 puer,

176 2203 210 2228 ,-
227 2175 275 2242 qui
291 2190 376 2243 quum
393 2177 575 2244 quadriennio
594 2183 660 2245 [urst
670 2177 788 2230 alteruis
799 2180 987 2232 Consulatum
1027 2217 1028 2228 2

175 2243 309 2298 Pontifex
319 2247 454 2298 maximus
464 2247 557 2300 factus
568 2254 651 2310 emet,
663 2248 768 2316 viginti-
776 2254 805 2300 et
814 2248 988 2303 duos‘nnnns

176 2315 204 2366 ei
214 2315 372 2368 sacerdotio
384 2314 523 2382 praefuit,
534 2346 566 2357 -
576 2319 618 2370 itu
628 2319 985 2372 bonisesseviribusextrn·

175 2398 222 2436 mo
234 2385 361 2451 tempore
377 2387 493 2449 aetatis,
514 2394 547 2439 ut
557 2387 774 2440 adolescentiam
790 2404 847 2441 non
861 2388 987 2458 nequir&

129 2467 133 2476 ’
175 2460 228 2513 rot.
244 2452 441 2506 Nihilnecosse
452 2464 497 2507 cst
506 2456 583 2519 mihi,
594 2458 630 2509 de
640 2472 685 2510 me
694 2459 758 2525 ipso
769 2457 880 2524 dicere:
892 2471 984 2526 quam·

175 2535 257 2587 quam
269 2524 350 2575 estid
386 2525 477 2575 uidem
493 2527 582 2579 senile
598 2528 741 2595 aetatique
761 2525 878 2581 nostrae
889 2540 984 2580 conce·

177 2590 264 2644 ditur.
299 2593 335 2645 X.
354 2540 397 2646 3Ὶ.
408 2592 566 2657 Videtisne,
586 2603 619 2647 ut
630 2597 703 2664 opud
713 2598 869 2650 Homerum
882 2597 985 2665 saepis

177 2657 246 2712 sime
257 2659 360 2714 Nestor
378 2662 414 2715 de
428 2663 581 2746 rirtutibus
596 2667 654 2718 suis
671 2664 835 2736 praedicanti
856 2668 985 2722 Tannus
