2084 3025
178 170 231 223 292
440 162 711 220 uuLuulBus

171 275 285 341 legem,
306 286 377 338 quae
392 271 497 338 scripto
512 272 601 324 sancit
612 269 688 338 quod
705 268 780 332 vult,
799 274 850 320 aut
864 267 981 320 iubendo

178 350 227 395 aut
237 340 368 403 vetando,
377 347 409 391 ut
420 342 530 407 vulgus,
542 341 693 409 appellare.
716 338 982 390 Constituendismo

178 413 247 467 iuris
264 413 299 464 ab
314 411 367 463 illa
380 427 489 462 sumnia
504 412 568 478 lege
579 411 723 478 capiamus
733 409 900 469 exordium.
915 423 983 475 quae

179 481 298 535 succulis
310 481 438 532 omnibns
450 488 515 535 ante
528 488 594 533 nata
605 489 656 543 cst,
677 495 759 548 quam
770 481 878 545 scripta
888 479 934 530 lex
943 477 985 529 ul-

179 553 215 614 la,
226 556 275 605 aut
286 566 369 618 quarn
379 552 492 603 omnino
503 553 604 604 civitas
615 552 777 603 constituta.
806 551 850 603 20.
864 549 985 613 Q..Gom·

180 620 290 673 modius
309 637 377 673 vero
397 629 426 673 et
445 622 480 673 ad
494 623 632 674 rationem
644 620 775 674 instituti
790 619 927 671 sermonis
944 634 986 669 sa·

180 692 310 759 pientius.
329 715 331 719 ·
346 692 385 743 M.
403 691 490 744 Visne
502 706 580 760 ergo,
601 692 688 760 ipsius
697 692 767 742 iuris
780 695 870 761 ortum
883 688 986 741 aiente

179 760 357 829 repetamusl
376 776 430 829 quo
442 763 568 826 invento,
587 779 643 814 uon
658 762 712 814 erit
721 761 848 823 dubium,
868 774 921 827 quo
932 759 990 811 sint

181 831 251 884 haee
264 830 424 895 referenda,
443 848 514 899 qnae
529 832 696 900 quaerimus.
733 830 766 893 Q.
785 831 847 898 Ego
862 844 931 881 uero
946 830 987 880 ita

181 901 338 955 faciendum
351 918 412 954 esse
423 918 532 957 censeo.
567 905 647 955 Aru.
657 902 705 955 Me
715 916 824 968 quoque
836 899 987 955 adscribitu

180 972 279 1025 fratris
299 973 463 1024 sentcntiae.
498 971 539 1024 M.
558 972 696 1035 Quoniam
718 973 806 1038 igitur
820 970 881 1022 eius
896 970 988 1036 reipu-

181 1043 286 1105 blicae,
309 1056 391 1108 quam
408 1042 544 1109 optimam
560 1058 621 1095 esse
635 1042 731 1094 docult
740 1043 769 1092 in
781 1040 839 1092 illis
849 1056 899 1092 sex
908 1040 989 1091 libris

183 1111 425 1179 Scipio,tenendus
436 1119 479 1164 est
490 1113 569 1176 nohis
580 1118 609 1165 et
619 1112 769 1165 servandus
776 1117 876 1174 status,
882 1126 990 1162 omncs-

184 1197 238 1251 quc
253 1181 330 1246 leges
346 1182 599 1236 accommodandae
609 1183 649 1240 ad
666 1181 736 1233 illud
751 1181 876 1233 civitatis
890 1195 992 1248 genus,

183 1250 294 1305 serendi
305 1251 389 1303 etiam
401 1267 506 1315 mores,
526 1269 577 1306 nec
590 1253 703 1320 seriptis
715 1252 813 1304 omnia
826 1250 989 1313 sanciendas

183 1327 307 1390 repetam
322 1322 437 1388 stirpem
451 1323 520 1373 iuris
539 1339 556 1375 a
571 1330 687 1386 natura,
706 1338 762 1391 qua
776 1322 846 1374 duee
856 1328 901 1372 est
910 1318 990 1372 nobis

184 1392 274 1446 omnis
285 1391 440 1458 disputatio
453 1393 626 1458 explicanda.
662 1394 741 1447 Aur.
759 1391 942 1445 Rectissime:
963 1396 993 1443 st

183 1462 295 1533 quidem
306 1462 362 1515 ista
372 1462 442 1515 duce
453 1464 543 1516 errari
551 1464 627 1520 nullo
639 1469 722 1531 paeto
734 1469 837 1533 potest.
860 1479 865 1491 “

235 1532 295 1587 Vll.
314 1532 358 1586 21.
381 1533 421 1586 M.
439 1533 534 1587 Dasne
553 1535 640 1602 igitur
660 1529 713 1586 hoc
732 1534 825 1597 nobis,
845 1531 995 1600 Pomponi,

182 1610 260 1670 (nam
272 1604 371 1667 Quinti
385 1605 451 1655 novi
464 1606 633 1657 sententiam
656 1604 691 1657 du
705 1604 831 1657 Deorum
846 1605 993 1655 immorta-

182 1676 252 1728 lium
262 1676 291 1728 vi
302 1681 330 1727 et
341 1678 457 1737 natura)
468 1675 586 1737 ratione,
596 1680 747 1744 potestate,
759 1681 859 1737 mente,
869 1673 996 1736 numine,

162 1791 164 1794 ,
183 1746 241 1797 sive
257 1744 331 1812 quod
347 1751 391 1796 est
406 1745 483 1796 aliud
498 1746 628 1808 verbum,
649 1760 705 1812 quo
714 1746 824 1813 planius
836 1744 995 1796 sivnlliceru

98 1867 101 1872 ,
184 1815 259 1883 quud
274 1814 353 1876 vulo,
374 1820 503 1880 naturam
519 1831 628 1867 omnem
642 1815 720 1882 regii
739 1815 812 1868 Num
826 1815 852 1867 si
887 1822 923 1867 ue
938 1827 998 1866 uon

184 1886 295 1952 probas,
314 1885 350 1937 ab
361 1901 395 1936 eo
406 1886 486 1937 nobis
497 1902 598 1938 caussa
607 1885 743 1937 ordienda
753 1892 797 1938 est
804 1879 997 1953 potissimum.

183 1956 264 2007 dur.
282 1954 327 2006 Do
344 1971 426 2018 sane,
447 1957 471 2007 si
490 1957 627 2024 postulas.
664 1956 774 2016 Etenim
790 1962 906 2023 propter
919 1951 998 2006 hunc

184 2030 346 2077 concentum
368 2027 462 2077 arium
482 2028 685 2094 strepitumque
700 2025 858 2090 fluminum,
878 2041 937 2077 non
951 2039 1000 2077 re·

184 2109 261 2156 reor,
281 2093 536 2163 condiscipulorum
556 2096 655 2164 nequis
673 2097 814 2149 exaudiat.
850 2099 891 2150 M.
907 2094 1000 2164 Atqui

102 2164 105 2168 ’
183 2164 397 2217 carendumest.
433 2165 532 2219 Solent
543 2168 626 2232 enim,
647 2167 678 2217 id
690 2166 898 2234 quodvirorum
906 2165 1001 2217 bono·

184 2249 244 2285 rum
260 2240 316 2296 est,
338 2234 488 2288 admodum
503 2237 598 2290 ir'asci.
634 2237 693 2290 Nec
707 2252 775 2290 vero
786 2237 892 2301 ferent,
910 2236 938 2289 si
948 2250 999 2289 au·

183 2303 300 2386 dieunt,
321 2309 349 2356 tc
364 2308 483 2373 primum
500 2307 586 2374 caput
598 2306 653 2359 viri
662 2307 763 2376 optimi
773 2307 949 2374 prodidisse:
968 2305 1002 2358 in

84 2386 89 2392 ·
183 2388 239 2440 quo
250 2374 371 2441 scripsit,
391 2375 472 2428 Nilei!
480 2375 579 2430 curare
589 2375 693 2441 Deum,
713 2378 824 2442 acerui,
843 2374 1002 2433 oecalieai.

182 2444 226 2498 22.
244 2444 324 2496 Anu.
338 2443 436 2510 Perge,
447 2461 566 2512 quacs03
582 2463 646 2500 nam
654 2447 702 2510 'id,·
710 2446 784 2515 quod
794 2448 848 2500 tibi
859 2446 1003 2509 concessi,

184 2527 314 2579 quorsum
331 2515 483 2581 pertinent,
505 2523 647 2583 exspecto.
683 2517 723 2570 M.
740 2518 803 2570 Non
817 2518 1004 2572 fuciemlon·

182 2582 254 2648 gius.
274 2584 338 2636 lluc
349 2585 422 2636 enim
434 2585 566 2651 pertinet:
601 2588 704 2642 animal
715 2587 769 2640 hoc
780 2589 944 2657 providum,
956 2602 1004 2640 sa»

181 2665 246 2716 gax,
262 2654 418 2722 multiplex,
434 2662 558 2717 auitum,
577 2672 694 2722 memor,
710 2658 960 2725 plenumrationis
972 2663 1005 2710 ct

182 2723 303 2787 consilii,
324 2741 404 2793 quem
415 2740 547 2777 vocamus
556 2724 698 2791 leodecus,
714 2729 861 2797 praeclare
872 2729 1003 2797 quadam
