2084 3025
227 96 229 101 ’
312 133 431 191 ursi
468 138 655 207 cenom.
819 141 873 198 mo

68 230 136 295 mm,
157 248 228 300 quae
238 239 415 291 conciliatiix
426 248 469 294 est
480 242 617 297 humanae
627 244 747 300 maxime
757 245 874 301 souers-

4 358 5 365 ἵ
67 302 111 353 tis.
148 302 246 371 Neque
263 309 340 359 enim
352 311 445 363 omnin
462 320 527 365 sunt
543 313 623 366 huius
634 316 831 384 disputationis
841 330 875 370 ac

4 368 5 391 ³
66 373 215 438 temporisr
238 383 266 428 et
282 376 353 430 hune
367 380 459 433 locum
469 384 551 446 satis,
572 391 603 437 ut
618 386 687 437 mihi
702 386 826 449 ridetur,
846 387 876 439 iu

66 438 105 493 his
116 442 207 507 libris,
216 460 287 512 quos
299 448 416 515 legistis,
429 454 566 519 expressit
578 454 680 522 Scipio.
716 456 795 508 Nune
808 472 875 524 quo·

65 510 140 561 niam
156 511 311 579 homiuem,
333 520 407 586 quod
422 523 588 589 principium
599 526 769 594 reliquarum
780 541 874 580 rerum

66 592 125 632 esse
140 582 245 646 voluit,
266 591 411 652 generarit
426 597 454 641 et
467 594 576 644 ornarit
586 594 677 659 Deus,
697 597 874 664 perspicuum

65 651 100 700 sit
114 650 189 701 illud
206 657 256 714 (ne
273 659 366 710 omnia
380 660 556 713 disserantur
562 667 575 725 )
586 664 675 731 ipsam
709 681 739 716 er
754 683 784 719 ue
794 672 874 721 uatu·
940 718 945 737 ,

64 734 121 770 ram
132 720 247 787 longius
259 729 404 794 progredi=
418 746 489 797 quae
500 734 584 784 etium
597 734 673 785 nullo
686 681 873 803 uincentepro·

63 787 139 841 fecte
150 792 186 841 ab
198 793 244 854 iis,
254 810 418 861 quorumex
430 801 521 866 prima
532 809 560 854 et
571 803 703 856 inchoato
714 804 870 873 intelligen-

64 859 112 922 tia,
122 876 229 979 gepiera
240 867 381 932 cognorit,
392 870 540 924 confirmat
550 873 612 942 ipsu
622 889 672 943 per
681 889 711 926 se
722 875 870 938 rationem,

64 935 92 982 et
109 944 159 996 per
181 933 229 985 eit.

113 999 149 1050 X.
167 1001 212 1053 28.
230 1004 310 1057 Arr.
329 1005 378 1057 Dii
393 1008 579 1074 immortales,
602 1028 683 1082 quum
695 1018 726 1065 tu
737 1013 872 1067 lonvelu·

63 1068 101 1119 ris
112 1070 253 1139 principia
263 1076 381 1140 repetis!
401 1086 486 1147 etque
496 1082 546 1144 its,
567 1088 599 1139 ut
611 1098 664 1149 ego
675 1099 730 1135 nou
740 1054 823 1135 modo
834 1082 871 1136 ud

62 1137 114 1189 illa
124 1155 187 1201 ,non
202 1157 362 1209 properem,
387 1163 458 1215 quoe
472 1154 668 1227 exspectabam
683 1168 701 1205 e
716 1163 744 1206 te
760 1153 795 1206 de
811 1153 872 1208 iure

63 1209 153 1272 cirili,
174 1211 226 1262 sed
242 1212 325 1266 facile
340 1218 446 1283 patiar,
467 1222 497 1273 te
511 1219 583 1273 hunc
600 1222 729 1276 diem-vel
739 1230 831 1275 totum
841 1224 871 1277 iu

61 1277 120 1329 isto
136 1295 267 1334 sermone
285 1299 456 1341 consumere.
493 1289 563 1343 Sunt
578 1294 652 1344 enim
668 1291 738 1345 haee
753 1294 870 1357 uiuioru,

62 1362 132 1413 quae
154 1350 277 1403 aliorum
296 1370 398 1407 caussa
417 1357 539 1414 fortasse
555 1363 765 1430 complecteris,
788 1376 871 1430 quom

62 1416 120 1483 ipsa
129 1418 191 1481 illa,
203 1436 321 1488 quorum
332 1425 400 1478 haee
411 1444 509 1482 eeussa
520 1439 730 1500 praeparantur.
750 1432 790 1484 Μ.
801 1430 871 1485 Sunt

61 1484 129 1539 haee
140 1490 255 1555 quidem
265 1509 375 1563 magna,
382 1515 452 1565 quae
463 1518 535 1553 nuuc
544 1503 667 1556 breviter
678 1502 870 1570 attinguntur:

4 1561 5 1610 l
60 1558 108 1609 sed
119 1560 254 1626 omnium,
270 1580 340 1630 quae
352 1569 380 1618 in
391 1568 539 1624 doctorum
550 1570 693 1623 hominum
705 1572 872 1639 disputatio·

4 1629 5 1654 ³
60 1643 94 1679 ne
104 1638 262 1695 versantur,
279 1635 348 1687 nihil
361 1644 403 1690 est
414 1639 543 1706 profecto
555 1641 766 1709 praestabilius,
787 1655 871 1709 quom

60 1698 144 1765 plane
166 1700 301 1769 intelligi,
322 1723 373 1757 nes
388 1709 424 1759 ed
439 1711 579 1763 iustitium
595 1719 761 1774 ememtes,
782 1726 870 1779 neque

60 1769 207 1835 opinione,
227 1773 278 1823 sed
294 1783 394 1828 natura
410 1781 589 1833 constitutum
605 1797 665 1834 esse
683 1781 738 1835 ius.
773 1781 804 1833 ld
814 1782 870 1834 ium

60 1839 182 1903 patebit,
205 1840 231 1891 si
246 1840 386 1897 hominum
403 1848 476 1901 inter
491 1852 569 1918 ipsos
580 1852 745 1904 societatem
758 1853 870 1904 eonion·

4 1939 5 1972 p
60 1908 238 1976 etionemque
253 1918 436 1981 perspexeris.
471 1920 514 1972 29.
534 1920 612 1974 Nihil
632 1928 676 1974 est
696 1924 768 1973 enim
783 1937 870 1976 unum

59 1978 176 2029 unitam
189 1980 296 2043 simile,
317 1994 374 2036 tam
386 2001 450 2054 per,
468 2006 549 2057 quam
562 2007 657 2044 ornnes
667 1992 740 2043 inter
750 1998 870 2046 nosinet·

58 2045 134 2113 ipsos
145 2065 252 2112 sumus.
289 2052 370 2115 Quod
381 2058 406 2107 si
418 2058 581 2125 depravatio
594 2062 833 2124 consuetudinum,
844 2060 870 2120 si

59 2117 222 2183 opinionum
235 2123 345 2176 vanitas
356 2142 411 2178 non
422 2129 644 2185 imbecillitatem
651 2132 870 2185 animorumtor·

58 2195 154 2253 queret
173 2195 202 2239 et
215 2187 355 2258 flecteret,
376 2212 547 2267 quocumque
558 2202 708 2271 coepisset:
729 2203 775 2253 sui
786 2214 867 2254 nemo

57 2257 115 2328 ipse
136 2264 197 2309 tam
217 2261 317 2315 similis
336 2273 422 2329 esset,
445 2285 526 2335 quam
545 2286 640 2324 omnes
655 2277 721 2323 sunt
735 2272 867 2323 oninium.

56 2326 154 2394 ltaque
176 2344 364 2401 quaecumque
386 2343 429 2389 est
453 2337 573 2392 hominis
595 2342 737 2404 deffinitio,
763 2356 819 2391 uno
838 2339 868 2393 iu

57 2410 153 2448 omnes
165 2399 250 2452 valet.
287 2401 331 2457 30.
351 2406 432 2470 Quod
443 2412 599 2477 argumenti
611 2412 679 2462 setis
691 2417 741 2472 est,
761 2410 868 2462 nullam

56 2464 313 2523 dissimilitudinem
326 2490 387 2527 esse
398 2479 425 2526 in
437 2493 547 2545 genere.
584 2483 662 2544 Qiree
673 2481 699 2530 si
709 2483 794 2539 esset,
812 2491 868 2526 non

55 2549 111 2587 uua
127 2552 227 2590 omues
244 2540 369 2596 delinitio
380 2549 545 2603 contineret.
582 2546 793 2605 memmimus,
813 2558 868 2608 (1¹¹a
885 2591 889 2602 .

56 2619 111 2657 una
127 2615 303 2676 praestamus
318 2614 435 2678 belluis,
456 2633 506 2685 per
521 2635 603 2685 quum
621 2617 781 2669 coniectura
795 2611 873 2691 vele-

57 2688 127 2742 mus,
137 2689 377 2752 argumentamur,
392 2686 557 2751 refellimus
574 2685 747 2743 disserimus,
759 2679 867 2731 0⁰¹¹fi01·
