2084 3025
252 143 331 197 LIB.
349 143 389 199 ΙΙ.
427 144 511 201 CAP.
530 148 556 199 8.
573 146 599 200 9.
619 145 662 201 10.
828 147 863 203 59

54 250 156 301 tamdiu
166 265 269 302 sensus
280 249 378 302 atrita
388 256 527 314 remanct3
546 250 715 321 refrigerato
731 257 824 305 autem
835 259 863 307 et

53 323 191 374 exstincto
204 320 308 382 calore,
320 321 472 373 occidimus
482 322 538 389 ipsi
549 328 578 375 et
589 323 798 392 exstinguimur.
819 324 864 378 24.

55 391 132 453 Quod
143 391 261 459 quidem
271 390 420 444 Cleanthes
437 391 479 443 his
492 394 577 445 etiam
593 395 762 462 argumentis
773 393 866 457 docet,

56 469 156 528 quanta
166 462 211 512 ris
222 460 290 510 insit
302 461 405 513 caloris
416 463 444 512 in
456 464 532 514 omni
542 467 667 531 corpore.
686 463 779 533 Negat
790 465 866 515 enim

56 532 140 582 ullum
157 547 221 583 esse
239 530 330 582 cibum
346 539 405 584 tam
420 548 547 599 gravem,
570 535 635 604 quin
653 534 678 585 is
689 534 733 586 die
745 540 773 585 et
783 538 866 585 nocte

57 607 259 669 concoquatur:
281 600 357 653 cuius
369 603 455 654 etiam
465 604 495 654 in
506 604 633 671 reliquiis
646 597 720 655 inedt
732 603 810 656 calor
821 603 866 665 iis,

58 687 124 740 quas
137 678 240 722 natura
253 673 401 738 respuerit.
436 673 495 725 lam
515 689 582 726 rero
599 689 685 726 venae
701 680 729 726 ct
744 673 867 726 arteriae

58 742 159 793 micare
180 757 237 793 uon
258 741 400 805 desinunt,
426 744 507 811 quasi
530 744 649 812 quodam
669 744 753 811 igneo
773 749 866 793 motu:

61 811 335 877 animadversumque
347 827 429 879 saepe
441 820 584 882 est,quu1n
597 829 645 866 cor
656 813 805 864 animantis
817 811 870 862 ali·

59 881 133 931 cuius
145 881 274 933 evulsum
284 882 326 931 ita
338 883 480 934 mobiliter
490 884 651 950 palpitaret,
667 890 698 933 ut
708 883 867 934 imitaretur

56 950 165 1015 igneam
175 951 360 1004 celeritatem.
398 952 485 1005 Omne
495 954 595 1021 igitur,
617 951 690 1020 quod
703 953 786 1014 vivit,
808 951 867 1006 sire

57 1021 173 1082 animal,
187 1022 334 1073 sineterra
345 1021 462 1084 editum,
484 1023 514 1074 id
525 1024 595 1075 vivit
606 1030 722 1090 propter
731 1022 866 1073 inclusum

56 1090 129 1142 iaco
142 1090 274 1143 calorem.
311 1093 354 1143 Ex
366 1108 419 1159 quo
431 1093 553 1161 intelligi
571 1093 665 1155 debet,
685 1108 746 1145 cam
764 1091 867 1144 caloris

55 1167 185 1212 naturam
200 1162 257 1211 vim
272 1160 374 1215 habere
390 1163 420 1213 in
434 1179 464 1215 se
478 1164 595 1215 vitalem
609 1178 779 1231 peromnem
790 1178 868 1214 mun·

56 1230 121 1281 dum
138 1232 333 1297 pertinentem.
369 1230 413 1284 25.
431 1234 521 1301 Atque
537 1233 566 1284 id
587 1233 697 1285 facilius
714 1247 867 1294 cernemus,

54 1306 117 1351 toto
129 1316 233 1368 genere
243 1299 296 1353 hoc
306 1304 399 1368 igneo,
417 1304 489 1369 quod
502 1310 595 1355 tranat
607 1304 713 1364 omnia,
735 1302 868 1354 subtilius

56 1370 208 1435 explicato.
246 1372 348 1424 Omnes
363 1373 448 1441 igitur
464 1380 559 1440 partes
570 1374 665 1424 mundi
679 1378 808 1440 (tangam
820 1387 868 1423 aa·

54 1446 112 1490 tem
123 1442 277 1503 maximas)
297 1442 391 1494 calore
402 1442 490 1495 fultae
500 1444 682 1495 sustinentur.
719 1441 800 1504 Quod
814 1441 868 1509 pri·

54 1525 131 1562 mam
145 1507 176 1561 iu
193 1518 307 1564 terrena
320 1519 422 1564 natura
433 1515 555 1581 perspici
567 1520 669 1580 potest.
704 1511 776 1564 Nam
788 1520 817 1565 et
828 1511 867 1577 la·

53 1580 152 1648 pidum
170 1581 303 1633 condictu
318 1590 402 1650 atque
419 1585 487 1635 tritu
502 1584 568 1636 clici
578 1585 669 1652 ignem
679 1582 817 1634 videmus:
838 1587 868 1633 et

54 1652 163 1703 recenti
183 1651 322 1715 fossione,
349 1663 451 1706 terram
466 1655 583 1729 feruere
603 1654 752 1709 calentemt
785 1658 868 1719 atque

55 1721 142 1773 etiam
162 1737 197 1773 cx
213 1722 306 1788 puteis
320 1723 429 1790 iugibus
447 1738 546 1791 aquam
560 1721 680 1774 calidam
691 1718 778 1783 trahi,
799 1729 827 1773 ot
838 1719 868 1772 id

56 1792 178 1843 maxime
195 1790 319 1844 hibernis
334 1793 396 1844 ficri
410 1794 597 1859 temporibus,
619 1790 693 1860 quod
708 1806 810 1857 magna
826 1791 868 1842 ris
899 1836 905 1847 .

56 1861 158 1925 caloris
176 1866 270 1912 terrae
280 1863 405 1912 cavernis
417 1863 606 1914 contineatur:
630 1876 716 1928 eaque
727 1859 817 1914 hieme
829 1861 867 1912 sit

52 1929 178 1992 densior,
191 1932 227 1981 ob
239 1945 355 1997 eamque
367 1947 493 1983 caussam
506 1932 637 1993 anienem,
649 1931 762 1982 insitam
773 1932 802 1982 in
812 1937 868 1982 ter·

26 2004 29 2005 ’
54 2000 102 2061 ris,
115 1999 261 2051 contineat
273 2000 386 2053 arctius.
423 2000 459 2051 X.
469 2001 511 2055 26.
523 2001 622 2069 Longa
632 2007 675 2054 est
687 2001 788 2065 erratio,
799 2000 869 2052 mul·

55 2076 157 2137 taeque
168 2069 308 2132 rationes,
330 2070 429 2137 quibas
441 2070 536 2123 doceri
548 2071 652 2138 possit,
674 2071 777 2146 ompia,
797 2086 868 2139 quae

55 2145 131 2197 terra
147 2139 298 2206 concipiat,
312 2141 427 2203 semina,
442 2156 567 2209 quaeque
576 2142 637 2209 ipsa
648 2155 683 2193 ex
693 2157 723 2193 se
734 2147 869 2209 generata

55 2209 192 2277 stirpibus
203 2210 292 2262 iuiixa
303 2211 454 2273 contineat,
468 2226 501 2263 ea
511 2211 714 2278 temperatione
726 2213 828 2264 caloris
839 2217 868 2263 ct

54 2279 138 2342 oriri,
161 2285 190 2330 et
206 2294 368 2346 augescere.
402 2283 492 2349 Atque
508 2297 596 2349 aquae
610 2281 697 2334 etiam
713 2282 869 2336 admixtum

54 2365 118 2401 esse
130 2349 268 2414 calorem,
290 2350 409 2416 primum
423 2351 483 2418 ipsc
499 2350 592 2419 liquor
603 2368 692 2420 aquae
703 2352 829 2405 declarat
840 2357 869 2403 ot

55 2418 173 2472 effusio:
195 2435 267 2486 quac
289 2422 378 2487 deque
392 2421 580 2488 conglaciaret
595 2420 760 2489 frigoribus,
780 2435 869 2486 aeque

54 2490 121 2540 nive
131 2490 289 2556 pruinaque
300 2496 497 2553 concresceret,
515 2492 571 2543 uisi
582 2493 681 2544 eadem
692 2509 732 2554 se,
744 2491 870 2542 admixto

54 2558 167 2620 calore,
189 2559 345 2625 liquefacta
360 2567 388 2612 et
397 2561 507 2628 dilapsa
518 2560 697 2612 diffunderet.
734 2560 832 2625 ltaque
843 2566 872 2609 et

3 2628 4 2631 ’
55 2628 238 2696 aquilonibus
248 2629 418 2697 reliquisque
429 2628 581 2698 frigoribus
593 2628 736 2697 [adiectis]
748 2626 872 2678 durescit

3 2764 4 2769 Ἰ
54 2697 167 2762 humor,
190 2704 220 2752 et
229 2698 306 2752 idem
316 2700 438 2751 vicissim
448 2700 578 2751 mollitur
588 2697 747 2764 tepefactus
759 2703 788 2749 et
797 2694 870 2745 tabe
