2084 3025
178 151 180 154 ’
229 177 264 231 os
314 141 316 144 ¹
408 143 848 226 oaunruunoa‘ouuu

230 277 400 339 volubilitas,
422 291 491 343 quoe
501 276 555 326 nisi
565 277 594 326 in
605 276 720 343 globosa
731 274 820 326 forma
829 290 891 326 esse
900 286 955 325 non
964 286 1028 340 pos·

121 330 127 340 ⁴
199 365 205 372 “
229 355 280 410 set,
291 353 324 398 et*
330 347 474 398 stellarum
485 345 597 396 rotundi
608 346 727 396 ambitus
740 349 953 408 cognoscuntur:
971 342 1029 408 pri·

228 431 343 481 musque
353 414 411 476 sol,
433 415 480 481 qui
495 420 634 465 astrorum
651 413 758 465 obtinet
768 413 965 478 principatum,
986 407 1030 492 ἰῇ

224 489 414 544 moretur,<ut‚
421 499 503 549 quum
514 489 603 536 terras
613 482 763 550 largaluce
774 480 961 547 compleverit,
969 475 1029 550 ead-

231 553 293 604 deur
304 550 454 614 modo‘bis,
474 553 557 603 modo
571 549 627 602 illis
641 551 810 618 expertibus
821 554 927 616 opacet.
965 548 1030 613 lpda

231 624 303 676 mim
313 622 410 672 umbra
419 627 510 673 terrae
521 622 576 672 soli
588 621 719 681 officiens,
737 625 849 669 noctem
860 616 957 670 efficit:
982 631 1031 666 no·

231 696 390 742 sturnorum
401 696 493 740 autem
503 692 658 757 spatiorum
668 690 766 742 eadem
781 693 823 739 est
833 685 1031 754 aequabilitas,

250 775 302 811 uae
312 758 484 809 diurnorum:
500 760 678 824 eiusdemque
689 758 755 809 solis
764 764 822 808 tum
831 770 960 806 'accessus
971 767 1031 803 mo·

252 829 287 879 'ci
297 835 359 880 tum
375 843 500 880 recessus
519 827 675 893 et'frigoris
690 832 718 878 et
728 826 830 877 coloris
840 824 952 875 modum
962 829 1039 898 tem-y

232 904 345 965 porant:
366 897 495 947 circuitus
507 898 580 948 enim
591 897 658 951 solis
670 897 777 948 orbium
785 910 810 945 r
821 900 852 945 et
862 908 904 943 ux
919 897 948 943 et
959 904 1032 952 ccc,

233 972 330 1035 quarta
342 964 408 1017 iere
425 965 482 1016 dici
495 972 576 1030 parte
591 965 700 1027 addita,
721 963 928 1015 conversionem
942 964 1030 1015 confi·

234 1034 309 1086 ciunt
324 1049 454 1084 annuamz
474 1032 618 1086 inflectens
635 1041 730 1085 autem
741 1033 788 1083 sol
804 1046 912 1082 cursum
925 1035 988 1080 tum
998 1030 1034 1080 ad

97 1093 101 1100 ’
172 1123 177 1137 =
233 1110 339 1167 septem
349 1103 463 1164 triones,
477 1102 742 1162 turn-admondum,
758 1098 1033 1152 aestatcsethiemes

233 1171 327 1232 efficit,
339 1175 366 1222 et
377 1186 411 1221 ea
423 1171 477 1220 duo
489 1177 622 1237 tempora,
643 1185 757 1235 quorum
767 1167 1034 1220 alterumbienri-so·

151 1297 158 1313 f
233 1239 355 1292 uescenti
366 1239 526 1290 adiunctum
536 1241 716 1301 asbelitarum
727 1239 833 1290 aestati.
855 1237 898 1287 lta
907 1252 943 1288 cx
953 1243 1032 1304 quat

234 1317 298 1360 tuor
311 1314 464 1374 temporum
479 1309 693 1369 mutationibus,
711 1308 847 1368 omnium,
867 1321 941 1373 quae
955 1313 1034 1357 terra

234 1376 358 1442 marique
370 1378 525 1444 gignuntur,
535 1378 616 1428 initia
628 1392 795 1443 caussaeque
806 1376 952 1427 ducuntur.
989 1374 1033 1425 bu

234 1448 292 1498 lam
303 1445 371 1496 solis
378 1457 485 1499 annuos
497 1462 591 1497 cursus
603 1447 700 1512 spatiis
710 1445 1035 1497 menstruislunoconsr·

234 1517 343 1583 quitari
362 1518 439 1567 cuius
450 1517 641 1568 tenuissimum
657 1517 748 1568 lumen
759 1515 827 1567 facit
836 1516 977 1582 proxim
990 1528 1034 1565 ao·

235 1598 328 1643 sessus
343 1585 379 1636 ad
392 1587 492 1649 solem,
513 1584 653 1651 digressus
663 1584 949 1650 autem-longissimus
960 1585 1033 1650 quis·

233 1655 499 1722 queplenissimom.
535 1655 731 1721 Neque-solum
746 1655 805 1705 aius
817 1653 922 1719 species
934 1669 967 1704 ac
976 1653 1035 1704 for·

233 1739 278 1775 ma
286 1730 411 1775 mutatur
421 1731 479 1774 tum
488 1724 653 1786 crescendo,
671 1730 731 1774 tum
746 1721 901 1774 defectibus
912 1721 1034 1774 ininitia

233 1793 408 1852 recurrendo,
423 1791 568 1842 sedetiam
578 1794 665 1858 regio,
675 1807 745 1858 quse
756 1799 813 1861 turn
825 1778 1033 1857 est-aquilonia,

233 1869 291 1912 tum
300 1861 441 1910 australis.
476 1860 507 1910 in
518 1861 599 1912 lunae
610 1875 717 1927 quoquc
728 1867 862 1921 cursuest
869 1890 871 1893 ·
879 1867 908 1912 et
916 1861 1034 1912 brumas

160 1972 163 1976 .
232 1927 366 1996 quaedam
378 1934 407 1979 et
416 1927 531 1978 solstitii
543 1929 709 1981 similitudo:
721 1931 870 1998 multaque
885 1930 920 1981 ab
932 1942 1034 1984 mmo·

232 2003 298 2050 nant
317 2002 346 2047 et
362 1995 465 2057 linunt,
483 1998 583 2064 ¹quibus
600 2005 634 2050 et
654 2000 805 2050 animantes
822 1998 936 2050 alantur
945 2013 1034 2067 ange·

231 2071 376 2131 scantque;
387 2072 416 2116 et
424 2066 574 2130 pubescant
584 2069 827 2134 maturitatemque
838 2074 1032 2136 assequantur,

232 2148 302 2202 qaae
317 2134 444 2184 oriuntur
458 2141 572 2189 eterra.
608 2136 680 2187 Χ-Χμ
690 2134 731 2188 51.
750 2136 872 2189 Maxime
886 2151 956 2189 vero
967 2141 1036 2188 sunt,

232 2201 410 2255 admirabiles
428 2211 519 2255 motus
541 2220 635 2257 earum
649 2206 765 2271 quinque
779 2206 939 2269 stellarum,
960 2221 1034 2277 quan

232 2270 304 2322 salso
314 2279 447 2325 vocantur
461 2280 595 2325 errantes.
630 2272 709 2327 Nihil
722 2275 795 2326 euim
806 2280 897 2338 errat,
916 2275 1035 2343 quodid

232 2340 306 2391 onrni
321 2343 486 2393 aeternitate
498 2348 646 2393 conservat
660 2356 823 2410 progressus
838 2350 867 2396 et
876 2342 1035 2412 regressus,

233 2410 407 2475 reliquosque
415 2416 509 2461 motus
521 2417 676 2462 constantes
684 2418 715 2463 et
725 2419 812 2464 ratos.
849 2413 931 2474 Quod
943 2412 1035 2468 coest

232 2478 423 2530 admirabilius
438 2480 467 2529 in
482 2477 524 2528 bis
539 2479 641 2541 stellis,
657 2495 727 2547 quas
741 2481 873 2544 dicimus,
896 2483 1034 2550 quietum

233 2549 412 2609 occultantur,
419 2553 592 2601 tum-rursus.
601 2550 768 2614 aperiuntur,
778 2558 838 2601 tum
850 2550 965 2617 adeunt,
974 2561 1034 2609 tum

232 2618 377 2679 recedunt,
397 2623 455 2667 tum
467 2617 646 2679 antecedunt,
665 2624 726 2668 tum
737 2621 957 2687 subsequuntur,
973 2620 1034 2677 tunt

232 2686 347 2741 celerius
357 2692 514 2751 morentur,
525 2692 595 2743 tum
603 2686 794 2767 tardiusmm
805 2690 917 2744 omnino
927 2707 965 2745 ne
976 2706 1033 2745 mm
