2084 3025
181 114 233 168 sor
363 111 419 164 nu
436 72 609 163 urruns
625 104 804 159 osorum

184 216 319 278 ordinem,
337 217 375 279 et,'
388 220 421 265 ut
430 215 472 264 ita
481 212 579 275 dicam,
598 211 752 263 decentiam
765 206 985 261 oculiiodicnnt:

83 335 85 340 .
185 293 268 352 utque
284 285 370 336 etiarn
385 284 443 334 alia
457 282 573 332 nraiora.
609 280 681 330 Nam
697 287 725 331 et
740 280 859 329 virtutes
870 281 899 328 et
914 277 987 328 vitiu

181 361 368 422 cognoscunt:
386 353 504 412 iratum,
521 348 685 415 propitium:
707 348 870 407 laetantem,
890 344 988 396 dolen·

178 429 255 474 tem:
266 421 377 482 sortem,
387 421 529 485 ignarum:
541 417 682 478 audacem,
693 415 873 482 timidumque
884 427 988 479 cogno·

186 496 275 542 scunt.
293 486 353 552 leo.
359 489 527 552 Auriumque
537 488 605 537 item
614 485 661 536 'est
673 483 834 550 admirabile
845 482 989 549 quoddam

187 559 422 624 artificiosumque
433 555 582 617 iudicium,
604 561 663 621 quo
669 554 809 605 iudicetur
821 557 850 602 et
860 552 888 602 iu
898 551 989 613 vocis,

127 625 136 639 ‘
188 628 255 679 etin
269 627 400 678 tibiarum
415 639 617 689 nervorumque
633 623 760 673 cantibus
770 620 890 673 varietas
905 633 990 671 sono-

185 711 256 756 rum,
266 694 424 755 intervella,
436 692 587 754 distinctio,
599 698 628 743 et
638 691 714 742 vocis
724 688 988 760 generapermultar

186 763 354 826 candidum,
370 763 490 814 frocum:
506 761 577 823 leve,
593 776 734 828 asperum:
750 774 843 828 grave,
859 765 988 810 acutum

186 831 317 894 flexibile,
328 831 440 882 durum:
457 846 528 897 quae
539 828 680 879 hominum
689 829 781 879 solum
792 828 906 879 nuribus
916 825 990 877 iudi·

128 939 130 942 -
187 908 292 954 cantur.
328 899 498 967 Nariumque
508 900 576 949 item
587 905 616 949 et
631 898 761 965 gustandi
770 897 876 964 pariter
886 901 915 946 et
926 903 990 946 tan·

188 971 270 1039 gendi
279 983 380 1036 magna
389 968 492 1019 iudicia
501 973 574 1017 sunt.
598 968 640 1018 Ad
650 982 719 1034 quos
730 982 826 1018 sensus
837 964 989 1031 capiendos

187 1046 217 1091 et
226 1037 414 1105 perfruendos,
429 1037 523 1104 plures
534 1036 629 1098 etiam,
643 1052 726 1103 quam
735 1034 843 1097 sellem,
859 1040 935 1085 artes
945 1048 991 1086 ro·

186 1114 282 1175 pentae
292 1112 363 1157 sunt
400 1105 578 1172 Perspicuum
589 1111 632 1156 est
642 1106 728 1167 enim,
743 1120 797 1171 quo
809 1102 991 1170 compositio·

187 1192 236 1229 nes
246 1180 455 1241 unguentorum,
465 1188 520 1241 quo
533 1173 657 1225 ciborum
668 1172 849 1236 conditiones,
861 1186 916 1239 quo
929 1185 993 1223 cor·

186 1259 284 1311 porum
299 1242 437 1295 lenocinia
449 1243 644 1309 processerint.
678 1242 751 1295 le.
769 1238 830 1294 147.
845 1242 905 1292 lam
919 1254 992 1292 vero

186 1314 309 1364 animum
318 1313 407 1378 ipsum
419 1318 594 1379 mentemque
604 1310 736 1373 hominis,
757 1310 903 1372 rationem,
925 1324 992 1361 eon·

187 1382 289 1444 silium,
297 1381 481 1447 prudentiam,
493 1381 539 1448 qui
550 1396 605 1431 non
615 1380 708 1431 divina
718 1395 786 1431 cura
796 1378 991 1446 pertensem

184 1451 328 1519 perspicit,
348 1451 374 1502 is
384 1449 426 1501 his
437 1450 503 1518 ipsis
512 1450 596 1502 rebus
606 1448 674 1501 mihi
683 1448 794 1501 videtur
804 1463 908 1501 carere.
943 1445 991 1500 De

187 1536 241 1587 quo
253 1521 318 1571 dum
330 1519 514 1587 disputarem,
534 1527 610 1571 uram
621 1517 689 1570 nihi
699 1519 761 1570 dari
769 1518 879 1581 vellem,
895 1518 992 1580 Cotta,

187 1590 382 1656 eloquentium.
411 1590 473 1650 Quo
485 1590 559 1640 enim
569 1589 662 1640 tuille
670 1588 752 1640 modo
763 1586 992 1650 dicerent-Quen·

146 1685 149 1689 ·
185 1657 992 1726 taprimumintelligentin3deindeeonsequentiumrerum

186 1728 357 1793 cumprimis
372 1727 531 1778 coniunctio
546 1732 574 1794 et
590 1723 798 1791 comprehensio
814 1730 889 1777 erret
900 1725 931 1774 in
940 1739 993 1776 no·

184 1796 241 1847 bist
253 1810 287 1846 ex
296 1810 350 1862 quo
360 1794 499 1855 videlicet,
509 1794 576 1860 quid
587 1810 622 1845 ex
632 1793 783 1861 quibusque
793 1795 875 1845 rebus
885 1792 993 1846 efficia·

131 1920 135 1927 ἡ
184 1870 239 1924 tur,
250 1863 455 1929 idqueratione‚
466 1862 671 1914 concludimus:
682 1862 862 1930 singulasque
872 1877 918 1915 res
924 1862 992 1913 deli·

183 1933 277 1981 nimus
287 1931 547 1997 circumscripteque
557 1932 783 1996 complectinrurr
794 1946 829 1982 ex
837 1946 892 1998 quo
900 1930 993 1983 scicn-

183 2001 226 2050 tia
236 1999 403 2066 intelligitur
413 2015 497 2065 quam
510 2000 568 2050 rim
583 1998 696 2062 hebent,
716 1999 806 2066 qualis
817 2000 868 2051 sit:
888 2015 945 2067 qua
954 2015 993 2052 ne

184 2069 213 2119 in
229 2067 290 2118 Deo
306 2066 417 2133 quidem
435 2075 478 2119 est
496 2084 542 2120 res
562 2068 623 2119 ulle
640 2069 838 2135 praestantior.
876 2069 998 2130 Quanta·

184 2151 250 2186 sero
262 2136 314 2186 illa
323 2143 394 2198 sunt,
405 2151 475 2202 quae
485 2153 536 2205 ros
546 2137 706 2191 Academici
714 2137 862 2189 infirmatis
873 2144 903 2190 ct
912 2137 993 2190 tolli·

184 2204 235 2266 tis,
257 2204 329 2268 quod
344 2210 373 2255 et
389 2207 514 2259 sensibus
530 2213 558 2258 et
569 2207 662 2256 animo
672 2223 719 2269 ea,
740 2222 812 2274 quae
822 2212 991 2270 extrasunt,

120 2300 123 2305 r
184 2271 350 2338 percipimus
361 2279 445 2339 atque
456 2272 724 2340 comprehendimus!
758 2272 818 2328 148.
834 2275 879 2327 Ex
889 2277 992 2343 quibus

186 2339 294 2391 collatis
304 2340 376 2393 inter
385 2357 415 2393 se
428 2349 456 2394 et
466 2344 635 2409 comparatis
647 2350 722 2396 artes
728 2359 836 2412 quoque
842 2344 990 2407 efficimus,

183 2409 284 2476 purtim
296 2409 332 2461 ad
347 2426 427 2461 usum
436 2413 526 2474 vitae,
547 2413 649 2478 partim
667 2413 702 2464 ad
713 2414 934 2467 oblectationem
944 2430 993 2467 ne·

186 2478 331 2531 cesserim.
367 2479 425 2531 inm
436 2497 502 2533 sero
520 2481 755 2545 dominororum,
774 2487 817 2545 (ut
826 2497 878 2535 ros
890 2484 994 2538 soletis

185 2545 298 2610 dicere),
315 2549 462 2614 eloquendi
473 2552 525 2613 ris,
541 2566 622 2618 quern
633 2559 676 2606 est
687 2551 840 2619 praeclaro}
851 2568 995 2621 quumque

185 2612 294 2671 divincl
314 2623 386 2687 quae
397 2619 620 2689 primumcllicit,
638 2630 670 2677 ut
677 2637 722 2688 ce,
736 2635 808 2692 quse
816 2621 995 2692 ignoremus,
