<?xml version="1.0" encoding="UTF-8"?>
<!DOCTYPE html PUBLIC "-//W3C//DTD XHTML 1.0 Transitional//EN"
    "http://www.w3.org/TR/xhtml1/DTD/xhtml1-transitional.dtd">
<html xmlns="http://www.w3.org/1999/xhtml" xml:lang="en" lang="en">
 <head>
  <title>
</title>
<meta http-equiv="Content-Type" content="text/html;charset=utf-8" />
  <meta name='ocr-system' content='tesseract 3.04.00' />
  <meta name='ocr-capabilities' content='ocr_page ocr_carea ocr_par ocr_line ocrx_word'/>
</head>
<body>
  <div class='ocr_page' id='page_1' title='image "./opera00nobbgoog_0743.png"; bbox 0 0 2084 3025; ppageno 0'>
   <div class='ocr_carea' id='block_1_1' title="bbox 216 128 860 197">
    <p class='ocr_par' dir='ltr' id='par_1_1' title="bbox 216 128 860 197">
     <span class='ocr_line' id='line_1_1' title="bbox 216 128 860 197; baseline -0.002 -15"><span class='ocrx_word' id='word_1_1' title='bbox 216 129 271 197; x_wconf 83' lang='lat' dir='ltr'><strong>aa</strong></span> <span class='ocrx_word' id='word_1_2' title='bbox 289 129 485 184; x_wconf 75' lang='lat' dir='ltr'><strong>summm</strong></span> <span class='ocrx_word' id='word_1_3' title='bbox 503 130 588 186; x_wconf 77' lang='lat' dir='ltr'><strong>cae.</strong></span> <span class='ocrx_word' id='word_1_4' title='bbox 607 128 622 184; x_wconf 93' lang='lat'>1</span> <span class='ocrx_word' id='word_1_5' title='bbox 641 132 702 185; x_wconf 72' lang='lat' dir='ltr'><strong>,1a</strong></span> <span class='ocrx_word' id='word_1_6' title='bbox 826 130 860 185; x_wconf 77' lang='lat'><strong>5⁷</strong></span> 
     </span>
    </p>
   </div>
   <div class='ocr_carea' id='block_1_2' title="bbox 55 231 861 375">
    <p class='ocr_par' dir='ltr' id='par_1_2' title="bbox 55 231 861 375">
     <span class='ocr_line' id='line_1_2' title="bbox 56 231 861 302; baseline -0.004 -14"><span class='ocrx_word' id='word_1_7' title='bbox 56 237 122 289; x_wconf 91' lang='lat' dir='ltr'><strong>dum</strong></span> <span class='ocrx_word' id='word_1_8' title='bbox 142 234 315 287; x_wconf 78' lang='lat' dir='ltr'><strong>existiment:</strong></span> <span class='ocrx_word' id='word_1_9' title='bbox 337 234 383 286; x_wconf 92' lang='lat' dir='ltr'><strong>ubi</strong></span> <span class='ocrx_word' id='word_1_10' title='bbox 399 249 447 293; x_wconf 77' lang='lat' dir='ltr'><strong>aas</strong></span> <span class='ocrx_word' id='word_1_11' title='bbox 463 235 649 297; x_wconf 75' lang='lat' dir='ltr'><strong>inveniemus,</strong></span> <span class='ocrx_word' id='word_1_12' title='bbox 670 235 718 302; x_wconf 88' lang='lat' dir='ltr'><strong>qui</strong></span> <span class='ocrx_word' id='word_1_13' title='bbox 732 231 861 297; x_wconf 82' lang='lat' dir='ltr'><strong>honores,</strong></span> 
     </span>
     <span class='ocr_line' id='line_1_3' title="bbox 55 304 861 375; baseline -0.002 -19"><span class='ocrx_word' id='word_1_14' title='bbox 55 305 249 375; x_wconf 71' lang='lat' dir='ltr'><strong>magistratus,</strong></span> <span class='ocrx_word' id='word_1_15' title='bbox 262 304 387 370; x_wconf 83' lang='lat' dir='ltr'><strong>imperia,</strong></span> <span class='ocrx_word' id='word_1_16' title='bbox 398 310 561 371; x_wconf 82' lang='lat' dir='ltr'><strong>potestates,</strong></span> <span class='ocrx_word' id='word_1_17' title='bbox 574 319 641 371; x_wconf 83' lang='lat' dir='ltr'><strong>opes</strong></span> <span class='ocrx_word' id='word_1_18' title='bbox 652 304 796 357; x_wconf 81' lang='lat' dir='ltr'><strong>amicitiae</strong></span> <span class='ocrx_word' id='word_1_19' title='bbox 805 318 861 354; x_wconf 87' lang='lat' dir='ltr'><strong>nan</strong></span> 
     </span>
    </p>
   </div>
   <div class='ocr_carea' id='block_1_3' title="bbox 43 371 875 2720">
    <p class='ocr_par' dir='ltr' id='par_1_3' title="bbox 43 371 875 1256">
     <span class='ocr_line' id='line_1_4' title="bbox 56 371 862 441; baseline -0.004 -15"><span class='ocrx_word' id='word_1_20' title='bbox 56 372 248 441; x_wconf 74' lang='lat' dir='ltr'><strong>anteponant!</strong></span> <span class='ocrx_word' id='word_1_21' title='bbox 258 379 298 434; x_wconf 88' lang='lat' dir='ltr'><strong>ut,</strong></span> <span class='ocrx_word' id='word_1_22' title='bbox 309 387 393 439; x_wconf 87' lang='lat' dir='ltr'><strong>quum</strong></span> <span class='ocrx_word' id='word_1_23' title='bbox 405 387 439 424; x_wconf 83' lang='lat' dir='ltr'><strong>ex</strong></span> <span class='ocrx_word' id='word_1_24' title='bbox 451 373 542 425; x_wconf 85' lang='lat' dir='ltr'><strong>altera</strong></span> <span class='ocrx_word' id='word_1_25' title='bbox 552 381 632 441; x_wconf 87' lang='lat' dir='ltr'><strong>parte</strong></span> <span class='ocrx_word' id='word_1_26' title='bbox 642 371 862 439; x_wconf 82' lang='lat' dir='ltr'><strong>propositabaee</strong></span> 
     </span>
     <span class='ocr_line' id='line_1_5' title="bbox 43 441 862 506; baseline 0.001 -14"><span class='ocrx_word' id='word_1_27' title='bbox 43 489 45 492; x_wconf 88' lang='lat'>.</span> <span class='ocrx_word' id='word_1_28' title='bbox 58 444 127 506; x_wconf 85' lang='lat' dir='ltr'><strong>siut,</strong></span> <span class='ocrx_word' id='word_1_29' title='bbox 150 456 185 493; x_wconf 86' lang='lat' dir='ltr'><strong>ex</strong></span> <span class='ocrx_word' id='word_1_30' title='bbox 196 442 286 492; x_wconf 85' lang='lat' dir='ltr'><strong>altera</strong></span> <span class='ocrx_word' id='word_1_31' title='bbox 295 442 339 492; x_wconf 85' lang='lat' dir='ltr'><strong>ius</strong></span> <span class='ocrx_word' id='word_1_32' title='bbox 351 441 497 504; x_wconf 83' lang='lat' dir='ltr'><strong>amicitiae,</strong></span> <span class='ocrx_word' id='word_1_33' title='bbox 517 457 573 493; x_wconf 87' lang='lat' dir='ltr'><strong>non</strong></span> <span class='ocrx_word' id='word_1_34' title='bbox 583 442 671 494; x_wconf 86' lang='lat' dir='ltr'><strong>multo</strong></span> <span class='ocrx_word' id='word_1_35' title='bbox 684 444 736 495; x_wconf 86' lang='lat' dir='ltr'><strong>illu</strong></span> <span class='ocrx_word' id='word_1_36' title='bbox 747 442 862 493; x_wconf 79' lang='lat' dir='ltr'><strong>malint&#39;i</strong></span> 
     </span>
     <span class='ocr_line' id='line_1_6' title="bbox 57 509 863 578; baseline -0.005 -11"><span class='ocrx_word' id='word_1_37' title='bbox 57 510 207 567; x_wconf 76' lang='lat' dir='ltr'><strong>imbecilla</strong></span> <span class='ocrx_word' id='word_1_38' title='bbox 217 516 260 563; x_wconf 89' lang='lat' dir='ltr'><strong>cst</strong></span> <span class='ocrx_word' id='word_1_39' title='bbox 272 509 344 562; x_wconf 83' lang='lat' dir='ltr'><strong>&#39;enim</strong></span> <span class='ocrx_word' id='word_1_40' title='bbox 360 517 460 563; x_wconf 78' lang='lat' dir='ltr'><strong>natiua</strong></span> <span class='ocrx_word' id='word_1_41' title='bbox 476 511 512 563; x_wconf 85' lang='lat' dir='ltr'><strong>ad</strong></span> <span class='ocrx_word' id='word_1_42' title='bbox 529 511 756 563; x_wconf 74' lang='lat' dir='ltr'><strong>contemnendam</strong></span> <span class='ocrx_word' id='word_1_43' title='bbox 766 516 863 578; x_wconf 69' lang='lat' dir='ltr'><strong>pateri-</strong></span> 
     </span>
     <span class='ocr_line' id='line_1_7' title="bbox 57 578 863 648; baseline -0.005 -15"><span class='ocrx_word' id='word_1_44' title='bbox 57 583 145 645; x_wconf 81' lang='lat' dir='ltr'><strong>tiam3</strong></span> <span class='ocrx_word' id='word_1_45' title='bbox 158 594 240 646; x_wconf 87' lang='lat' dir='ltr'><strong>quam</strong></span> <span class='ocrx_word' id='word_1_46' title='bbox 250 578 334 632; x_wconf 87' lang='lat' dir='ltr'><strong>etiam</strong></span> <span class='ocrx_word' id='word_1_47' title='bbox 344 580 369 630; x_wconf 87' lang='lat' dir='ltr'><strong>si</strong></span> <span class='ocrx_word' id='word_1_48' title='bbox 378 581 508 648; x_wconf 80' lang='lat' dir='ltr'><strong>neglecta</strong></span> <span class='ocrx_word' id='word_1_49' title='bbox 514 580 639 632; x_wconf 88' lang='lat' dir='ltr'><strong>amicitia</strong></span> <span class='ocrx_word' id='word_1_50' title='bbox 644 581 784 632; x_wconf 80' lang='lat' dir='ltr'><strong>consecuti</strong></span> <span class='ocrx_word' id='word_1_51' title='bbox 789 585 863 641; x_wconf 84' lang='lat' dir='ltr'><strong>sunt,</strong></span> 
     </span>
     <span class='ocr_line' id='line_1_8' title="bbox 56 649 864 716; baseline -0.007 -12"><span class='ocrx_word' id='word_1_52' title='bbox 56 654 241 704; x_wconf 78' lang='lat' dir='ltr'><strong>obscuratum</strong></span> <span class='ocrx_word' id='word_1_53' title='bbox 259 649 295 700; x_wconf 88' lang='lat' dir='ltr'><strong>iri</strong></span> <span class='ocrx_word' id='word_1_54' title='bbox 314 649 498 713; x_wconf 73' lang='lat' dir='ltr'><strong>arbitrantur,</strong></span> <span class='ocrx_word' id='word_1_55' title='bbox 519 650 586 716; x_wconf 89' lang='lat' dir='ltr'><strong>quia</strong></span> <span class='ocrx_word' id='word_1_56' title='bbox 607 664 662 700; x_wconf 89' lang='lat' dir='ltr'><strong>uon</strong></span> <span class='ocrx_word' id='word_1_57' title='bbox 681 650 741 701; x_wconf 83' lang='lat' dir='ltr'><strong>sine</strong></span> <span class='ocrx_word' id='word_1_58' title='bbox 762 662 864 713; x_wconf 78' lang='lat' dir='ltr'><strong>magna</strong></span> 
     </span>
     <span class='ocr_line' id='line_1_9' title="bbox 58 716 864 786; baseline -0.007 -13"><span class='ocrx_word' id='word_1_59' title='bbox 58 733 161 773; x_wconf 85' lang='lat' dir='ltr'><strong>caussa</strong></span> <span class='ocrx_word' id='word_1_60' title='bbox 178 718 215 768; x_wconf 90' lang='lat' dir='ltr'><strong>sit</strong></span> <span class='ocrx_word' id='word_1_61' title='bbox 230 718 358 785; x_wconf 83' lang='lat' dir='ltr'><strong>neglecta</strong></span> <span class='ocrx_word' id='word_1_62' title='bbox 368 719 503 769; x_wconf 89' lang='lat' dir='ltr'><strong>amicitia.</strong></span> <span class='ocrx_word' id='word_1_63' title='bbox 539 717 583 769; x_wconf 77' lang='lat'><strong>04.</strong></span> <span class='ocrx_word' id='word_1_64' title='bbox 594 719 692 786; x_wconf 86' lang='lat' dir='ltr'><strong>ltaque</strong></span> <span class='ocrx_word' id='word_1_65' title='bbox 701 732 784 769; x_wconf 80' lang='lat' dir='ltr'><strong>verae</strong></span> <span class='ocrx_word' id='word_1_66' title='bbox 795 716 864 768; x_wconf 84' lang='lat' dir='ltr'><strong>ami·</strong></span> 
     </span>
     <span class='ocr_line' id='line_1_10' title="bbox 57 785 863 854; baseline -0.009 -12"><span class='ocrx_word' id='word_1_67' title='bbox 57 789 144 843; x_wconf 85' lang='lat' dir='ltr'><strong>citiae</strong></span> <span class='ocrx_word' id='word_1_68' title='bbox 156 786 319 839; x_wconf 83' lang='lat' dir='ltr'><strong>difficillime</strong></span> <span class='ocrx_word' id='word_1_69' title='bbox 330 788 509 854; x_wconf 82' lang='lat' dir='ltr'><strong>reperiuntur</strong></span> <span class='ocrx_word' id='word_1_70' title='bbox 518 786 549 837; x_wconf 89' lang='lat' dir='ltr'><strong>iu</strong></span> <span class='ocrx_word' id='word_1_71' title='bbox 558 788 603 850; x_wconf 86' lang='lat' dir='ltr'><strong>iis,</strong></span> <span class='ocrx_word' id='word_1_72' title='bbox 614 789 661 854; x_wconf 86' lang='lat' dir='ltr'><strong>qui</strong></span> <span class='ocrx_word' id='word_1_73' title='bbox 671 788 700 838; x_wconf 90' lang='lat' dir='ltr'><strong>in</strong></span> <span class='ocrx_word' id='word_1_74' title='bbox 710 785 863 837; x_wconf 86' lang='lat' dir='ltr'><strong>bonoribus</strong></span> 
     </span>
     <span class='ocr_line' id='line_1_11' title="bbox 55 854 863 929; baseline -0.01 -17"><span class='ocrx_word' id='word_1_75' title='bbox 55 872 144 924; x_wconf 87' lang='lat' dir='ltr'><strong>reque</strong></span> <span class='ocrx_word' id='word_1_76' title='bbox 155 856 269 922; x_wconf 87' lang='lat' dir='ltr'><strong>publica</strong></span> <span class='ocrx_word' id='word_1_77' title='bbox 284 864 439 909; x_wconf 76' lang='lat' dir='ltr'><strong>versantur.</strong></span> <span class='ocrx_word' id='word_1_78' title='bbox 474 854 529 907; x_wconf 88' lang='lat' dir='ltr'><strong>Ubi</strong></span> <span class='ocrx_word' id='word_1_79' title='bbox 541 857 712 929; x_wconf 57' lang='lat' dir='ltr'><strong>cuimistum</strong></span> <span class='ocrx_word' id='word_1_80' title='bbox 727 855 863 915; x_wconf 78' lang='lat' dir='ltr'><strong>invenias,</strong></span> 
     </span>
     <span class='ocr_line' id='line_1_12' title="bbox 56 921 864 996; baseline -0.004 -19"><span class='ocrx_word' id='word_1_81' title='bbox 56 928 107 996; x_wconf 89' lang='lat' dir='ltr'><strong>qui</strong></span> <span class='ocrx_word' id='word_1_82' title='bbox 124 923 258 983; x_wconf 84' lang='lat' dir='ltr'><strong>bonorem</strong></span> <span class='ocrx_word' id='word_1_83' title='bbox 274 927 356 978; x_wconf 87' lang='lat' dir='ltr'><strong>amici</strong></span> <span class='ocrx_word' id='word_1_84' title='bbox 375 931 528 993; x_wconf 82' lang='lat' dir='ltr'><strong>anteponat</strong></span> <span class='ocrx_word' id='word_1_85' title='bbox 548 924 728 987; x_wconf 70' lang='lat' dir='ltr'><strong>suoi&#39;Quidi</strong></span> <span class='ocrx_word' id='word_1_86' title='bbox 748 921 817 975; x_wconf 87' lang='lat' dir='ltr'><strong>haec</strong></span> <span class='ocrx_word' id='word_1_87' title='bbox 832 931 864 974; x_wconf 91' lang='lat' dir='ltr'><strong>ut</strong></span> 
     </span>
     <span class='ocr_line' id='line_1_13' title="bbox 56 988 865 1064; baseline -0.005 -16"><span class='ocrx_word' id='word_1_88' title='bbox 56 996 200 1058; x_wconf 85' lang='lat' dir='ltr'><strong>omittam,</strong></span> <span class='ocrx_word' id='word_1_89' title='bbox 222 1010 305 1062; x_wconf 88' lang='lat' dir='ltr'><strong>quam</strong></span> <span class='ocrx_word' id='word_1_90' title='bbox 316 1011 424 1064; x_wconf 75' lang='lat' dir='ltr'><strong>graves,</strong></span> <span class='ocrx_word' id='word_1_91' title='bbox 440 1009 522 1061; x_wconf 87' lang='lat' dir='ltr'><strong>quam</strong></span> <span class='ocrx_word' id='word_1_92' title='bbox 534 988 661 1059; x_wconf 77' lang='lat' dir='ltr'><strong>difficiles</strong></span> <span class='ocrx_word' id='word_1_93' title='bbox 671 993 814 1062; x_wconf 82' lang='lat' dir='ltr'><strong>plerisque</strong></span> <span class='ocrx_word' id='word_1_94' title='bbox 824 992 865 1044; x_wconf 72' lang='lat' dir='ltr'><strong>ri·</strong></span> 
     </span>
     <span class='ocr_line' id='line_1_14' title="bbox 55 1056 864 1132; baseline -0.009 -14"><span class='ocrx_word' id='word_1_95' title='bbox 55 1066 165 1118; x_wconf 82' lang='lat' dir='ltr'><strong>dentur</strong></span> <span class='ocrx_word' id='word_1_96' title='bbox 176 1064 368 1115; x_wconf 82' lang='lat' dir='ltr'><strong>calamitatum</strong></span> <span class='ocrx_word' id='word_1_97' title='bbox 379 1064 545 1116; x_wconf 79' lang='lat' dir='ltr'><strong>societates!</strong></span> <span class='ocrx_word' id='word_1_98' title='bbox 558 1056 593 1117; x_wconf 76' lang='lat' dir='ltr'><strong>ad</strong></span> <span class='ocrx_word' id='word_1_99' title='bbox 604 1080 671 1132; x_wconf 88' lang='lat' dir='ltr'><strong>quas</strong></span> <span class='ocrx_word' id='word_1_100' title='bbox 682 1078 737 1114; x_wconf 87' lang='lat' dir='ltr'><strong>nan</strong></span> <span class='ocrx_word' id='word_1_101' title='bbox 748 1060 864 1113; x_wconf 86' lang='lat' dir='ltr'><strong>estlaci·</strong></span> 
     </span>
     <span class='ocr_line' id='line_1_15' title="bbox 55 1132 875 1202; baseline -0.002 -15"><span class='ocrx_word' id='word_1_102' title='bbox 55 1134 85 1190; x_wconf 86' lang='lat' dir='ltr'><strong>ie</strong></span> <span class='ocrx_word' id='word_1_103' title='bbox 96 1134 213 1183; x_wconf 77' lang='lat' dir='ltr'><strong>inventu</strong></span> <span class='ocrx_word' id='word_1_104' title='bbox 224 1133 270 1199; x_wconf 88' lang='lat' dir='ltr'><strong>qui</strong></span> <span class='ocrx_word' id='word_1_105' title='bbox 282 1132 442 1185; x_wconf 72' lang='lat' dir='ltr'><strong>descendat:</strong></span> <span class='ocrx_word' id='word_1_106' title='bbox 455 1148 619 1202; x_wconf 85' lang='lat' dir='ltr'><strong>quamquam</strong></span> <span class='ocrx_word' id='word_1_107' title='bbox 630 1133 737 1185; x_wconf 84' lang='lat' dir='ltr'><strong>Ennius</strong></span> <span class='ocrx_word' id='word_1_108' title='bbox 745 1138 835 1185; x_wconf 84' lang='lat' dir='ltr'><strong>recte:</strong></span> <span class='ocrx_word' id='word_1_109' title='bbox 870 1168 875 1173; x_wconf 86' lang='lat'>-</span> 
     </span>
     <span class='ocr_line' id='line_1_16' title="bbox 59 1200 651 1256; baseline 0.002 -2"><span class='ocrx_word' id='word_1_110' title='bbox 59 1218 61 1225; x_wconf 83' lang='grc'><strong>’</strong></span> <span class='ocrx_word' id='word_1_111' title='bbox 93 1200 209 1255; x_wconf 76' lang='lat' dir='ltr'><strong>Amicus</strong></span> <span class='ocrx_word' id='word_1_112' title='bbox 221 1212 310 1256; x_wconf 80' lang='lat' dir='ltr'><strong>certus</strong></span> <span class='ocrx_word' id='word_1_113' title='bbox 320 1202 349 1254; x_wconf 75' lang='lat' dir='ltr'><strong>in</strong></span> <span class='ocrx_word' id='word_1_114' title='bbox 359 1219 388 1254; x_wconf 83' lang='lat' dir='ltr'><strong>re</strong></span> <span class='ocrx_word' id='word_1_115' title='bbox 397 1202 505 1254; x_wconf 81' lang='lat' dir='ltr'><strong>incerta</strong></span> <span class='ocrx_word' id='word_1_116' title='bbox 517 1204 651 1256; x_wconf 81' lang='lat' dir='ltr'><strong>ce&#39;rnitur:</strong></span> 
     </span>
    </p>

    <p class='ocr_par' dir='ltr' id='par_1_4' title="bbox 54 1269 867 1685">
     <span class='ocr_line' id='line_1_17' title="bbox 54 1269 865 1336; baseline -0.001 -13"><span class='ocrx_word' id='word_1_117' title='bbox 54 1280 155 1324; x_wconf 80' lang='lat' dir='ltr'><strong>tamen</strong></span> <span class='ocrx_word' id='word_1_118' title='bbox 177 1269 246 1322; x_wconf 90' lang='lat' dir='ltr'><strong>hacc</strong></span> <span class='ocrx_word' id='word_1_119' title='bbox 262 1271 316 1322; x_wconf 89' lang='lat' dir='ltr'><strong>duo</strong></span> <span class='ocrx_word' id='word_1_120' title='bbox 336 1270 463 1322; x_wconf 84' lang='lat' dir='ltr'><strong>levitatis</strong></span> <span class='ocrx_word' id='word_1_121' title='bbox 482 1277 510 1322; x_wconf 90' lang='lat' dir='ltr'><strong>et</strong></span> <span class='ocrx_word' id='word_1_122' title='bbox 529 1270 701 1322; x_wconf 79' lang='lat' dir='ltr'><strong>infirmitatis</strong></span> <span class='ocrx_word' id='word_1_123' title='bbox 716 1269 865 1336; x_wconf 80' lang='lat' dir='ltr'><strong>plerasque</strong></span> 
     </span>
     <span class='ocr_line' id='line_1_18' title="bbox 56 1338 864 1403; baseline -0.005 -9"><span class='ocrx_word' id='word_1_124' title='bbox 56 1340 242 1403; x_wconf 61' lang='lat' dir='ltr'><strong>convincunt3</strong></span> <span class='ocrx_word' id='word_1_125' title='bbox 258 1345 307 1391; x_wconf 85' lang='lat' dir='ltr'><strong>aut</strong></span> <span class='ocrx_word' id='word_1_126' title='bbox 317 1340 381 1391; x_wconf 86' lang='lat' dir='ltr'><strong>siin</strong></span> <span class='ocrx_word' id='word_1_127' title='bbox 391 1340 473 1391; x_wconf 82' lang='lat' dir='ltr'><strong>banis</strong></span> <span class='ocrx_word' id='word_1_128' title='bbox 483 1341 566 1393; x_wconf 84' lang='lat' dir='ltr'><strong>rebus</strong></span> <span class='ocrx_word' id='word_1_129' title='bbox 577 1344 764 1400; x_wconf 83' lang='lat' dir='ltr'><strong>contemnunt,</strong></span> <span class='ocrx_word' id='word_1_130' title='bbox 776 1346 823 1390; x_wconf 90' lang='lat' dir='ltr'><strong>aut</strong></span> <span class='ocrx_word' id='word_1_131' title='bbox 834 1338 864 1390; x_wconf 84' lang='lat' dir='ltr'><strong>in</strong></span> 
     </span>
     <span class='ocr_line' id='line_1_19' title="bbox 56 1407 867 1478; baseline -0.001 -16"><span class='ocrx_word' id='word_1_132' title='bbox 56 1408 143 1466; x_wconf 81' lang='lat' dir='ltr'><strong>arulis</strong></span> <span class='ocrx_word' id='word_1_133' title='bbox 155 1408 294 1461; x_wconf 86' lang='lat' dir='ltr'><strong>deserunt.</strong></span> <span class='ocrx_word' id='word_1_134' title='bbox 322 1407 421 1460; x_wconf 86' lang='lat' dir='ltr'><strong>XVlll.</strong></span> <span class='ocrx_word' id='word_1_135' title='bbox 432 1408 486 1472; x_wconf 78' lang='lat' dir='ltr'><strong>Qui</strong></span> <span class='ocrx_word' id='word_1_136' title='bbox 497 1409 585 1478; x_wconf 76' lang='lat' dir='ltr'><strong>igitur</strong></span> <span class='ocrx_word' id='word_1_137' title='bbox 595 1415 713 1474; x_wconf 82' lang='lat' dir='ltr'><strong>utraque</strong></span> <span class='ocrx_word' id='word_1_138' title='bbox 724 1408 752 1457; x_wconf 91' lang='lat' dir='ltr'><strong>in</strong></span> <span class='ocrx_word' id='word_1_139' title='bbox 763 1422 793 1458; x_wconf 94' lang='lat' dir='ltr'><strong>re</strong></span> <span class='ocrx_word' id='word_1_140' title='bbox 804 1422 867 1473; x_wconf 77' lang='lat' dir='ltr'><strong>gra·</strong></span> 
     </span>
     <span class='ocr_line' id='line_1_20' title="bbox 55 1477 865 1544; baseline -0.004 -14"><span class='ocrx_word' id='word_1_141' title='bbox 55 1495 132 1540; x_wconf 77' lang='lat' dir='ltr'><strong>rem,</strong></span> <span class='ocrx_word' id='word_1_142' title='bbox 155 1483 338 1541; x_wconf 86' lang='lat' dir='ltr'><strong>constantem,</strong></span> <span class='ocrx_word' id='word_1_143' title='bbox 359 1478 488 1531; x_wconf 86' lang='lat' dir='ltr'><strong>stabilem</strong></span> <span class='ocrx_word' id='word_1_144' title='bbox 501 1495 531 1532; x_wconf 87' lang='lat' dir='ltr'><strong>se</strong></span> <span class='ocrx_word' id='word_1_145' title='bbox 541 1479 571 1530; x_wconf 86' lang='lat' dir='ltr'><strong>in</strong></span> <span class='ocrx_word' id='word_1_146' title='bbox 582 1477 709 1530; x_wconf 85' lang='lat' dir='ltr'><strong>amicitia</strong></span> <span class='ocrx_word' id='word_1_147' title='bbox 719 1477 865 1544; x_wconf 81' lang='lat' dir='ltr'><strong>praestitc·</strong></span> 
     </span>
     <span class='ocr_line' id='line_1_21' title="bbox 55 1546 865 1617; baseline -0.005 -16"><span class='ocrx_word' id='word_1_148' title='bbox 55 1552 114 1610; x_wconf 85' lang='lat' dir='ltr'><strong>rit,</strong></span> <span class='ocrx_word' id='word_1_149' title='bbox 137 1548 211 1600; x_wconf 88' lang='lat' dir='ltr'><strong>hunc</strong></span> <span class='ocrx_word' id='word_1_150' title='bbox 222 1563 256 1598; x_wconf 83' lang='lat' dir='ltr'><strong>ex</strong></span> <span class='ocrx_word' id='word_1_151' title='bbox 266 1549 386 1600; x_wconf 85' lang='lat' dir='ltr'><strong>maxime</strong></span> <span class='ocrx_word' id='word_1_152' title='bbox 397 1563 462 1599; x_wconf 87' lang='lat' dir='ltr'><strong>raro</strong></span> <span class='ocrx_word' id='word_1_153' title='bbox 473 1546 616 1600; x_wconf 86' lang='lat' dir='ltr'><strong>homiuum</strong></span> <span class='ocrx_word' id='word_1_154' title='bbox 626 1561 727 1617; x_wconf 78' lang='lat' dir='ltr'><strong>genere</strong></span> <span class='ocrx_word' id='word_1_155' title='bbox 738 1546 865 1597; x_wconf 83' lang='lat' dir='ltr'><strong>iudicare</strong></span> 
     </span>
     <span class='ocr_line' id='line_1_22' title="bbox 57 1617 463 1685; baseline -0.012 -12"><span class='ocrx_word' id='word_1_156' title='bbox 57 1619 207 1679; x_wconf 82' lang='lat' dir='ltr'><strong>debemus,</strong></span> <span class='ocrx_word' id='word_1_157' title='bbox 218 1622 346 1685; x_wconf 36' lang='lat' dir='ltr'><strong>ct-paene</strong></span> <span class='ocrx_word' id='word_1_158' title='bbox 357 1617 463 1669; x_wconf 83' lang='lat' dir='ltr'><strong>divino.</strong></span> 
     </span>
    </p>

    <p class='ocr_par' dir='ltr' id='par_1_5' title="bbox 46 1682 865 2720">
     <span class='ocr_line' id='line_1_23' title="bbox 58 1682 864 1739; baseline -0.005 0"><span class='ocrx_word' id='word_1_159' title='bbox 58 1697 61 1700; x_wconf 82' lang='lat'>&#39;</span> <span class='ocrx_word' id='word_1_160' title='bbox 95 1684 143 1739; x_wconf 80' lang='lat'><strong>65.</strong></span> <span class='ocrx_word' id='word_1_161' title='bbox 161 1686 380 1739; x_wconf 87' lang='lat' dir='ltr'><strong>Firmamentum</strong></span> <span class='ocrx_word' id='word_1_162' title='bbox 394 1692 488 1738; x_wconf 86' lang='lat' dir='ltr'><strong>nutem</strong></span> <span class='ocrx_word' id='word_1_163' title='bbox 500 1682 666 1738; x_wconf 77' lang='lat' dir='ltr'><strong>stabilitatis</strong></span> <span class='ocrx_word' id='word_1_164' title='bbox 678 1686 864 1737; x_wconf 85' lang='lat' dir='ltr'><strong>constantiae·</strong></span> 
     </span>
     <span class='ocr_line' id='line_1_24' title="bbox 59 1753 865 1825; baseline 0.001 -18"><span class='ocrx_word' id='word_1_165' title='bbox 59 1771 118 1825; x_wconf 88' lang='lat' dir='ltr'><strong>que</strong></span> <span class='ocrx_word' id='word_1_166' title='bbox 132 1755 204 1818; x_wconf 89' lang='lat' dir='ltr'><strong>eius,</strong></span> <span class='ocrx_word' id='word_1_167' title='bbox 215 1757 336 1823; x_wconf 76' lang='lat' dir='ltr'><strong>quantia</strong></span> <span class='ocrx_word' id='word_1_168' title='bbox 348 1756 475 1814; x_wconf 76' lang='lat' dir='ltr'><strong>amicitie</strong></span> <span class='ocrx_word' id='word_1_169' title='bbox 485 1755 650 1822; x_wconf 84' lang='lat' dir='ltr'><strong>quaerimus,</strong></span> <span class='ocrx_word' id='word_1_170' title='bbox 661 1753 729 1806; x_wconf 84' lang='lat' dir='ltr'><strong>fides</strong></span> <span class='ocrx_word' id='word_1_171' title='bbox 743 1760 793 1806; x_wconf 86' lang='lat' dir='ltr'><strong>cst.</strong></span> <span class='ocrx_word' id='word_1_172' title='bbox 817 1755 865 1808; x_wconf 76' lang='lat' dir='ltr'><strong>ai-</strong></span> 
     </span>
     <span class='ocr_line' id='line_1_25' title="bbox 55 1823 863 1892; baseline -0.002 -13"><span class='ocrx_word' id='word_1_173' title='bbox 55 1823 100 1879; x_wconf 88' lang='lat' dir='ltr'><strong>hil</strong></span> <span class='ocrx_word' id='word_1_174' title='bbox 111 1826 187 1875; x_wconf 91' lang='lat' dir='ltr'><strong>cuim</strong></span> <span class='ocrx_word' id='word_1_175' title='bbox 204 1824 304 1876; x_wconf 84' lang='lat' dir='ltr'><strong>stabile</strong></span> <span class='ocrx_word' id='word_1_176' title='bbox 320 1831 376 1889; x_wconf 88' lang='lat' dir='ltr'><strong>est,</strong></span> <span class='ocrx_word' id='word_1_177' title='bbox 397 1824 471 1892; x_wconf 88' lang='lat' dir='ltr'><strong>quod</strong></span> <span class='ocrx_word' id='word_1_178' title='bbox 484 1824 600 1875; x_wconf 87' lang='lat' dir='ltr'><strong>infidum</strong></span> <span class='ocrx_word' id='word_1_179' title='bbox 616 1829 667 1875; x_wconf 84' lang='lat' dir='ltr'><strong>est.</strong></span> <span class='ocrx_word' id='word_1_180' title='bbox 703 1823 863 1890; x_wconf 85' lang='lat' dir='ltr'><strong>Simplicem</strong></span> 
     </span>
     <span class='ocr_line' id='line_1_26' title="bbox 46 1892 865 1963; baseline 0.002 -18"><span class='ocrx_word' id='word_1_181' title='bbox 46 1899 217 1963; x_wconf 75' lang='lat' dir='ltr'><strong>‘praeterea</strong></span> <span class='ocrx_word' id='word_1_182' title='bbox 241 1899 270 1946; x_wconf 87' lang='lat' dir='ltr'><strong>et</strong></span> <span class='ocrx_word' id='word_1_183' title='bbox 280 1908 461 1956; x_wconf 87' lang='lat' dir='ltr'><strong>communem,</strong></span> <span class='ocrx_word' id='word_1_184' title='bbox 476 1900 506 1946; x_wconf 87' lang='lat' dir='ltr'><strong>et</strong></span> <span class='ocrx_word' id='word_1_185' title='bbox 519 1892 745 1956; x_wconf 87' lang='lat' dir='ltr'><strong>consentientem,</strong></span> <span class='ocrx_word' id='word_1_186' title='bbox 765 1894 812 1960; x_wconf 90' lang='lat' dir='ltr'><strong>qui</strong></span> <span class='ocrx_word' id='word_1_187' title='bbox 823 1910 865 1947; x_wconf 83' lang='lat' dir='ltr'><strong>re·</strong></span> 
     </span>
     <span class='ocr_line' id='line_1_27' title="bbox 54 1962 865 2030; baseline 0.001 -14"><span class='ocrx_word' id='word_1_188' title='bbox 54 1962 224 2016; x_wconf 82' lang='lat' dir='ltr'><strong>bus-iisdem</strong></span> <span class='ocrx_word' id='word_1_189' title='bbox 235 1969 389 2027; x_wconf 78' lang='lat' dir='ltr'><strong>moveatur,</strong></span> <span class='ocrx_word' id='word_1_190' title='bbox 407 1963 475 2030; x_wconf 82' lang='lat' dir='ltr'><strong>eligi</strong></span> <span class='ocrx_word' id='word_1_191' title='bbox 484 1977 536 2029; x_wconf 80' lang='lat' dir='ltr'><strong>par</strong></span> <span class='ocrx_word' id='word_1_192' title='bbox 547 1968 601 2014; x_wconf 86' lang='lat' dir='ltr'><strong>est:</strong></span> <span class='ocrx_word' id='word_1_193' title='bbox 618 1976 688 2029; x_wconf 85' lang='lat' dir='ltr'><strong>quae</strong></span> <span class='ocrx_word' id='word_1_194' title='bbox 699 1963 793 2015; x_wconf 83' lang='lat' dir='ltr'><strong>emnia</strong></span> <span class='ocrx_word' id='word_1_195' title='bbox 803 1979 865 2030; x_wconf 85' lang='lat' dir='ltr'><strong>per·</strong></span> 
     </span>
     <span class='ocr_line' id='line_1_28' title="bbox 54 2030 865 2099; baseline 0.001 -15"><span class='ocrx_word' id='word_1_196' title='bbox 54 2035 152 2094; x_wconf 74' lang='lat' dir='ltr'><strong>tinent</strong></span> <span class='ocrx_word' id='word_1_197' title='bbox 164 2030 200 2083; x_wconf 91' lang='lat' dir='ltr'><strong>ad</strong></span> <span class='ocrx_word' id='word_1_198' title='bbox 212 2031 385 2084; x_wconf 86' lang='lat' dir='ltr'><strong>fidelitatem.</strong></span> <span class='ocrx_word' id='word_1_199' title='bbox 406 2031 503 2099; x_wconf 89' lang='lat' dir='ltr'><strong>Neque</strong></span> <span class='ocrx_word' id='word_1_200' title='bbox 516 2033 591 2083; x_wconf 90' lang='lat' dir='ltr'><strong>enim</strong></span> <span class='ocrx_word' id='word_1_201' title='bbox 600 2031 686 2082; x_wconf 90' lang='lat' dir='ltr'><strong>lidum</strong></span> <span class='ocrx_word' id='word_1_202' title='bbox 697 2037 791 2098; x_wconf 82' lang='lat' dir='ltr'><strong>potest</strong></span> <span class='ocrx_word' id='word_1_203' title='bbox 804 2048 865 2085; x_wconf 85' lang='lat' dir='ltr'><strong>cssc</strong></span> 
     </span>
     <span class='ocr_line' id='line_1_29' title="bbox 52 2100 863 2169; baseline -0.002 -14"><span class='ocrx_word' id='word_1_204' title='bbox 52 2100 209 2167; x_wconf 83' lang='lat' dir='ltr'><strong>multiplex</strong></span> <span class='ocrx_word' id='word_1_205' title='bbox 218 2101 359 2168; x_wconf 79' lang='lat' dir='ltr'><strong>ingenium</strong></span> <span class='ocrx_word' id='word_1_206' title='bbox 371 2106 576 2152; x_wconf 85' lang='lat' dir='ltr'><strong>ettcrtucsum.</strong></span> <span class='ocrx_word' id='word_1_207' title='bbox 612 2100 707 2167; x_wconf 85' lang='lat' dir='ltr'><strong>Neque</strong></span> <span class='ocrx_word' id='word_1_208' title='bbox 717 2116 793 2164; x_wconf 83' lang='lat' dir='ltr'><strong>vero,</strong></span> <span class='ocrx_word' id='word_1_209' title='bbox 817 2102 863 2169; x_wconf 90' lang='lat' dir='ltr'><strong>qui</strong></span> 
     </span>
     <span class='ocr_line' id='line_1_30' title="bbox 52 2169 864 2233; baseline -0.002 -9"><span class='ocrx_word' id='word_1_210' title='bbox 52 2187 114 2224; x_wconf 84' lang='lat' dir='ltr'><strong>aaa</strong></span> <span class='ocrx_word' id='word_1_211' title='bbox 126 2169 227 2220; x_wconf 88' lang='lat' dir='ltr'><strong>iisdem</strong></span> <span class='ocrx_word' id='word_1_212' title='bbox 240 2170 322 2220; x_wconf 87' lang='lat' dir='ltr'><strong>rebus</strong></span> <span class='ocrx_word' id='word_1_213' title='bbox 334 2176 461 2221; x_wconf 80' lang='lat' dir='ltr'><strong>movetur</strong></span> <span class='ocrx_word' id='word_1_214' title='bbox 475 2177 504 2221; x_wconf 93' lang='lat' dir='ltr'><strong>et</strong></span> <span class='ocrx_word' id='word_1_215' title='bbox 514 2175 615 2221; x_wconf 85' lang='lat' dir='ltr'><strong>natura</strong></span> <span class='ocrx_word' id='word_1_216' title='bbox 629 2171 774 2233; x_wconf 85' lang='lat' dir='ltr'><strong>consentit,</strong></span> <span class='ocrx_word' id='word_1_217' title='bbox 793 2172 864 2223; x_wconf 87' lang='lat' dir='ltr'><strong>fidus</strong></span> 
     </span>
     <span class='ocr_line' id='line_1_31' title="bbox 53 2238 865 2308; baseline 0 -17"><span class='ocrx_word' id='word_1_218' title='bbox 53 2246 107 2291; x_wconf 87' lang='lat' dir='ltr'><strong>aut</strong></span> <span class='ocrx_word' id='word_1_219' title='bbox 119 2238 232 2289; x_wconf 83' lang='lat' dir='ltr'><strong>stabilis</strong></span> <span class='ocrx_word' id='word_1_220' title='bbox 244 2245 338 2304; x_wconf 82' lang='lat' dir='ltr'><strong>potest</strong></span> <span class='ocrx_word' id='word_1_221' title='bbox 348 2254 418 2291; x_wconf 82' lang='lat' dir='ltr'><strong>esse.</strong></span> <span class='ocrx_word' id='word_1_222' title='bbox 441 2238 604 2290; x_wconf 79' lang='lat' dir='ltr'><strong>addendum</strong></span> <span class='ocrx_word' id='word_1_223' title='bbox 615 2240 713 2292; x_wconf 87' lang='lat' dir='ltr'><strong>codem</strong></span> <span class='ocrx_word' id='word_1_224' title='bbox 725 2245 776 2308; x_wconf 78' lang='lat' dir='ltr'><strong>est,</strong></span> <span class='ocrx_word' id='word_1_225' title='bbox 786 2246 818 2290; x_wconf 92' lang='lat' dir='ltr'><strong>ut</strong></span> <span class='ocrx_word' id='word_1_226' title='bbox 830 2255 865 2291; x_wconf 88' lang='lat' dir='ltr'><strong>nc</strong></span> 
     </span>
     <span class='ocr_line' id='line_1_32' title="bbox 53 2307 864 2371; baseline -0.005 -10"><span class='ocrx_word' id='word_1_227' title='bbox 53 2307 236 2369; x_wconf 84' lang='lat' dir='ltr'><strong>criminibus,</strong></span> <span class='ocrx_word' id='word_1_228' title='bbox 262 2313 311 2360; x_wconf 90' lang='lat' dir='ltr'><strong>aut</strong></span> <span class='ocrx_word' id='word_1_229' title='bbox 330 2307 482 2359; x_wconf 83' lang='lat' dir='ltr'><strong>inferendis</strong></span> <span class='ocrx_word' id='word_1_230' title='bbox 504 2307 670 2371; x_wconf 84' lang='lat' dir='ltr'><strong>delectetur,</strong></span> <span class='ocrx_word' id='word_1_231' title='bbox 698 2316 748 2359; x_wconf 89' lang='lat' dir='ltr'><strong>aut</strong></span> <span class='ocrx_word' id='word_1_232' title='bbox 768 2308 864 2358; x_wconf 83' lang='lat' dir='ltr'><strong>credat</strong></span> 
     </span>
     <span class='ocr_line' id='line_1_33' title="bbox 53 2376 865 2443; baseline -0.005 -14"><span class='ocrx_word' id='word_1_233' title='bbox 53 2378 179 2434; x_wconf 68' lang='lat' dir='ltr'><strong>oblatis:</strong></span> <span class='ocrx_word' id='word_1_234' title='bbox 197 2391 266 2443; x_wconf 89' lang='lat' dir='ltr'><strong>quae</strong></span> <span class='ocrx_word' id='word_1_235' title='bbox 278 2377 371 2428; x_wconf 87' lang='lat' dir='ltr'><strong>omnia</strong></span> <span class='ocrx_word' id='word_1_236' title='bbox 381 2376 521 2441; x_wconf 83' lang='lat' dir='ltr'><strong>pertinent</strong></span> <span class='ocrx_word' id='word_1_237' title='bbox 533 2377 649 2439; x_wconf 88' lang='lat' dir='ltr'><strong>adeam,</strong></span> <span class='ocrx_word' id='word_1_238' title='bbox 666 2391 747 2443; x_wconf 90' lang='lat' dir='ltr'><strong>quam</strong></span> <span class='ocrx_word' id='word_1_239' title='bbox 759 2376 865 2426; x_wconf 84' lang='lat' dir='ltr'><strong>iamdu-</strong></span> 
     </span>
     <span class='ocr_line' id='line_1_34' title="bbox 52 2443 864 2508; baseline -0.004 -10"><span class='ocrx_word' id='word_1_240' title='bbox 52 2447 124 2498; x_wconf 86' lang='lat' dir='ltr'><strong>dum</strong></span> <span class='ocrx_word' id='word_1_241' title='bbox 135 2451 240 2506; x_wconf 86' lang='lat' dir='ltr'><strong>tracto,</strong></span> <span class='ocrx_word' id='word_1_242' title='bbox 260 2447 453 2496; x_wconf 88' lang='lat' dir='ltr'><strong>constantiam.</strong></span> <span class='ocrx_word' id='word_1_243' title='bbox 489 2446 533 2495; x_wconf 89' lang='lat' dir='ltr'><strong>lta</strong></span> <span class='ocrx_word' id='word_1_244' title='bbox 544 2447 575 2495; x_wconf 86' lang='lat' dir='ltr'><strong>fit</strong></span> <span class='ocrx_word' id='word_1_245' title='bbox 585 2450 681 2496; x_wconf 77' lang='lat' dir='ltr'><strong>verum</strong></span> <span class='ocrx_word' id='word_1_246' title='bbox 692 2444 771 2504; x_wconf 91' lang='lat' dir='ltr'><strong>illud,</strong></span> <span class='ocrx_word' id='word_1_247' title='bbox 788 2443 864 2508; x_wconf 86' lang='lat' dir='ltr'><strong>quud</strong></span> 
     </span>
     <span class='ocr_line' id='line_1_35' title="bbox 52 2513 865 2576; baseline -0.011 -5"><span class='ocrx_word' id='word_1_248' title='bbox 52 2516 143 2571; x_wconf 86' lang='lat' dir='ltr'><strong>initio</strong></span> <span class='ocrx_word' id='word_1_249' title='bbox 155 2514 225 2575; x_wconf 84' lang='lat' dir='ltr'><strong>dixi,</strong></span> <span class='ocrx_word' id='word_1_250' title='bbox 236 2513 463 2576; x_wconf 59' lang='lat' dir='ltr'><strong>amicitiamfnisi</strong></span> <span class='ocrx_word' id='word_1_251' title='bbox 472 2513 546 2564; x_wconf 87' lang='lat' dir='ltr'><strong>inter</strong></span> <span class='ocrx_word' id='word_1_252' title='bbox 559 2515 655 2574; x_wconf 84' lang='lat' dir='ltr'><strong>bonos,</strong></span> <span class='ocrx_word' id='word_1_253' title='bbox 667 2527 727 2562; x_wconf 88' lang='lat' dir='ltr'><strong>esse</strong></span> <span class='ocrx_word' id='word_1_254' title='bbox 738 2527 792 2562; x_wconf 89' lang='lat' dir='ltr'><strong>non</strong></span> <span class='ocrx_word' id='word_1_255' title='bbox 802 2527 865 2576; x_wconf 82' lang='lat' dir='ltr'><strong>pns-</strong></span> 
     </span>
     <span class='ocr_line' id='line_1_36' title="bbox 54 2579 865 2649; baseline -0.011 -10"><span class='ocrx_word' id='word_1_256' title='bbox 54 2602 96 2639; x_wconf 74' lang='grc' dir='ltr'><strong>ω.</strong></span> <span class='ocrx_word' id='word_1_257' title='bbox 136 2584 190 2636; x_wconf 83' lang='lat' dir='ltr'><strong>Est</strong></span> <span class='ocrx_word' id='word_1_258' title='bbox 200 2584 272 2633; x_wconf 79' lang='lat' dir='ltr'><strong>euim</strong></span> <span class='ocrx_word' id='word_1_259' title='bbox 281 2584 349 2633; x_wconf 86' lang='lat' dir='ltr'><strong>boni</strong></span> <span class='ocrx_word' id='word_1_260' title='bbox 359 2584 421 2645; x_wconf 82' lang='lat' dir='ltr'><strong>viri,</strong></span> <span class='ocrx_word' id='word_1_261' title='bbox 438 2597 518 2649; x_wconf 90' lang='lat' dir='ltr'><strong>quem</strong></span> <span class='ocrx_word' id='word_1_262' title='bbox 532 2581 659 2631; x_wconf 89' lang='lat' dir='ltr'><strong>eumdem</strong></span> <span class='ocrx_word' id='word_1_263' title='bbox 670 2581 822 2645; x_wconf 82' lang='lat' dir='ltr'><strong>sapientem</strong></span> <span class='ocrx_word' id='word_1_264' title='bbox 833 2579 865 2630; x_wconf 87' lang='lat' dir='ltr'><strong>li·</strong></span> 
     </span>
     <span class='ocr_line' id='line_1_37' title="bbox 56 2649 865 2720; baseline -0.007 -14"><span class='ocrx_word' id='word_1_265' title='bbox 56 2660 105 2710; x_wconf 80' lang='lat' dir='ltr'><strong>cet</strong></span> <span class='ocrx_word' id='word_1_266' title='bbox 117 2651 223 2720; x_wconf 87' lang='lat' dir='ltr'><strong>dicere,</strong></span> <span class='ocrx_word' id='word_1_267' title='bbox 239 2649 309 2705; x_wconf 86' lang='lat' dir='ltr'><strong>baec</strong></span> <span class='ocrx_word' id='word_1_268' title='bbox 318 2652 373 2706; x_wconf 84' lang='lat' dir='ltr'><strong>duc</strong></span> <span class='ocrx_word' id='word_1_269' title='bbox 384 2658 480 2705; x_wconf 88' lang='lat' dir='ltr'><strong>tenere</strong></span> <span class='ocrx_word' id='word_1_270' title='bbox 490 2651 519 2702; x_wconf 91' lang='lat' dir='ltr'><strong>in</strong></span> <span class='ocrx_word' id='word_1_271' title='bbox 529 2649 667 2708; x_wconf 79' lang='lat' dir='ltr'><strong>amicitia:</strong></span> <span class='ocrx_word' id='word_1_272' title='bbox 685 2649 815 2716; x_wconf 79' lang='lat' dir='ltr'><strong>primum,</strong></span> <span class='ocrx_word' id='word_1_273' title='bbox 830 2662 865 2700; x_wconf 88' lang='lat' dir='ltr'><strong>ne</strong></span> 
     </span>
    </p>
   </div>
   <div class='ocr_carea' id='block_1_4' title="bbox 0 0 1046 3025">
    <p class='ocr_par' dir='ltr' id='par_1_6' title="bbox 0 0 1046 3025">
     <span class='ocr_line' id='line_1_38' title="bbox 0 0 1046 3025; baseline 0 0"><span class='ocrx_word' id='word_1_274' title='bbox 0 0 1046 3025; x_wconf 95' lang='lat' dir='ltr'><strong> </strong></span> 
     </span>
    </p>
   </div>
  </div>
 </body>
</html>
