2084 3025
230 150 310 228 ssu.
328 150 376 227 n.¹
405 147 489 205 cnr.
506 150 670 205 mmm.
801 150 852 207 22⁷

46 262 115 309 sata
132 254 283 311 dianam
306 256 432 320 Quorum
452 255 587 320 omnium,
607 272 641 308 ne
661 254 715 307 sim
734 255 854 323 longior.

45 343 100 383 una
109 326 186 378 ratio
198 320 249 378 'est
286 325 428 394 Quidquid
443 327 516 379 euim
532 327 637 389 oritur,
654 326 854 394 qualecumque

45 403 98 458 est,
107 410 238 448 tammus
249 394 353 449 babeat
364 412 381 447 a
391 402 491 450 nature
501 410 616 448 neeesse
623 404 678 448 ests
693 402 725 447 ut
735 395 819 449 etiam
829 395 854 446 si

44 472 158 532 praeter
181 464 411 519 cousuetudinem
429 466 582 528 exstiterit,
602 472 713 532 praeter
726 472 853 517 naturam

44 543 141 591 tamen
158 550 215 587 non
224 532 315 601 possit
321 536 468 589 exsistere.
505 537 638 591 Caumam
649 535 734 604 igitur
742 535 853 587 inresti-

44 611 112 672 gato
127 605 157 657 in
172 620 205 655 re
220 620 294 655 nora
304 609 386 671 atque
398 604 575 676 admirabili,
594 605 618 656 si
630 609 719 677 potes.
755 604 854 661 Sinal-

44 675 102 726 lam
113 673 254 740 reperies:
274 673 347 727 illud
357 681 451 729 tamen
461 675 639 742 exploratum
653 673 769 735 bobeto,
787 671 853 725 nibil

39 743 109 796 lieri
127 743 257 809 potuisse
273 744 454 798 sinuosussa:
475 756 593 813 eumque
604 750 755 804 terrorem,
774 758 854 862 (luem

44 813 98 866 tibi
113 813 158 864 rei
172 815 283 865 novitas
301 814 444 883 attulerit,
464 820 582 869 natiuae
592 813 701 869 ratium
712 812 782 878 depe
795 812 855 863 lito.

44 884 90 935 lta
101 889 130 934 te
140 897 194 934 neo
202 889 297 934 terrae
307 883 445 946 fremitus,
456 900 508 937 neo
519 883 591 938 caeli
602 883 748 945 discessus,
758 897 808 934 nec
819 882 857 932 la·

44 952 144 1020 pideus
161 958 210 1002 aut
226 954 395 1020 sanguineus
409 954 513 1017 imber,
533 968 584 1005 neo
597 952 728 1007 traiectio
749 950 857 1013 stellae,

44 1022 97 1073 neo
108 1021 191 1073 faces
198 1021 276 1081 visae
286 1026 438 1077 terrebunt.
456 1021 500 1077 61.
511 1023 635 1087 Quorum
647 1021 768 1081 omnium
781 1037 857 1081 caus·

43 1109 90 1144 sas
103 1092 129 1141 si
140 1108 159 1143 a
171 1090 325 1165 Chrysippo
337 1108 476 1159 quaeram,
486 1094 548 1161 ipse
559 1093 608 1149 ille
619 1090 798 1149 divinationis
811 1106 857 1144 ou·

6 1194 9 1200 -
44 1171 109 1213 otor
123 1176 275 1227 numquam
290 1161 342 1214 illa
357 1163 432 1215 (licet
448 1162 526 1217 faeta
541 1162 672 1225 fortuito,
690 1162 857 1221 naturalem-

44 1247 100 1299 que
112 1230 256 1284 rationem
273 1233 395 1291 omnium
407 1232 515 1289 reddet.
551 1232 631 1291 nitu
643 1232 715 1291 enin
725 1232 787 1284 lieri
797 1232 857 1283 sine

45 1308 146 1354 caussa
160 1307 269 1369 potest:
290 1318 341 1354 neo
356 1303 562 1374 quinquennum,
582 1303 655 1371 quod
672 1302 734 1362 lieri
743 1317 798 1359 uon
810 1316 857 1369 po·

44 1379 126 1425 lest·
142 1372 211 1434 Nec,
223 1373 247 1422 εἰ
256 1372 285 1423 id
295 1372 399 1429 tactum
413 1378 464 1436 est,
476 1372 550 1447 quod
560 1373 652 1445 potuit
662 1372 732 1437 lieri,
747 1378 858 1440 porten-

44 1441 309 1495 tumdebetvideri.
346 1443 432 1499 Nulla
441 1443 527 1512 igitur
537 1448 667 1510 portenta
676 1447 748 1497 suut.
784 1438 857 1494 Nam

44 1515 79 1577 si,
90 1512 168 1580 quod
179 1528 245 1565 raro
256 1512 298 1575 fit,
306 1512 335 1566 id
348 1519 507 1580 portentum
519 1512 672 1584 putandum
684 1518 735 1575 est,
750 1511 857 1577 sapien·

43 1590 103 1637 tem
116 1599 192 1645 esse,
214 1590 374 1649 portentum
391 1589 442 1641 est.
478 1582 595 1650 Saepius
609 1582 682 1634 euim
697 1581 803 1640 mulam
813 1595 857 1647 pe·

43 1653 154 1722 perisse
167 1653 298 1716 arbitror,
315 1668 398 1720 quam
409 1654 564 1720 sapientem
576 1651 671 1710 brisso.
707 1651 761 1704 llta
771 1649 858 1717 igitur

41 1724 121 1776 ratio
133 1721 320 1785 concluditur,
334 1739 386 1776 nee
394 1721 433 1786 id,
451 1722 525 1794 quod
537 1739 592 1778 non
604 1720 726 1788 potuerit
736 1722 806 1782 lieri,
816 1719 856 1771 fa·
879 1748 884 1758 ·

41 1801 122 1846 etum
133 1797 267 1859 umquam
279 1808 352 1845 esse:
374 1808 439 1855 neo,
461 1793 535 1861 quod
545 1791 682 1860 potuerit,
701 1791 731 1841 id
745 1796 856 1858 porten-

40 1871 103 1915 tum
125 1873 202 1924 e‘sse,
222 1862 263 1915 ita
280 1863 391 1914 omnino
404 1862 514 1916 nullum
529 1878 591 1915 esse
607 1867 776 1929 portentum.
812 1861 854 1914 62

42 1932 127 1998 Quod
144 1933 233 1984 etiam
248 1932 390 1984 coniector
403 1932 520 1999 quidam
529 1939 557 1984 et
567 1932 703 2000 interpres
714 1937 855 1999 portento·

42 2018 105 2054 rum
123 2017 181 2053 nou
196 2002 296 2054 irrsoite
311 2002 488 2068 respondisse
503 2002 658 2066 dieiturei,
680 2003 727 2069 qui
741 2001 777 2054 ad
792 2016 855 2054 eum

42 2072 201 2132 retulisset,
214 2073 294 2137 quasi
303 2078 452 2134 ostentum,
468 2072 542 2140 quod
553 2072 650 2140 anguis
662 2071 739 2125 domi
748 2073 856 2123 veo'tern

44 2142 245 2199 circumiectus
257 2140 365 2204 fuisset,
386 2149 467 2205 „tum
480 2149 563 2204 esset,
584 2141 685 2209 inquit,
707 2147 857 2203 ostentum,

43 2212 76 2262 sn
89 2217 212 2278 anguem
234 2211 321 2263 vectis
338 2209 638 2278 eirounrplioavisset.“
674 2212 737 2263 lloe
750 2211 800 2263 ille
815 2226 857 2261 re·

42 2296 149 2348 sponso
161 2280 233 2331 setis
244 2288 340 2347 aperte
357 2282 524 2345 declaravit,
543 2281 614 2332 nihil
628 2279 783 2333 habendum
796 2283 857 2332 esse

41 2356 223 2419 portentum,
243 2351 318 2417 quod
336 2351 397 2402 lieri
408 2357 511 2418 posset.
547 2351 649 2402 xxix.
669 2352 698 2403 C.
714 2348 868 2412 Gracchus,

41 2421 79 2471 ad
95 2420 138 2472 M.
155 2419 482 2487 Ponrponium'seripsit,
502 2419 610 2471 duobus
627 2420 762 2487 anguibus
782 2417 858 2469 domi

41 2487 256 2557 comprehensis
262 2527 270 2552 ,
292 2489 451 2556 haruspices
468 2494 576 2556 epatre
587 2491 764 2540 convocatos.
801 2484 857 2544 Qut
950 2535 953 2542 Χ

40 2560 138 2626 magis
148 2560 295 2625 anguibus,
308 2576 389 2627 qoam
400 2560 521 2622 lacertis,
533 2575 615 2627 quam
625 2555 766 2608 muribust
774 2551 859 2632 ¹(luia

39 2637 113 2682 sunt
123 2628 195 2681 baso
207 2631 382 2696 quotidiana,
402 2644 506 2696 angues
517 2645 572 2679 non
583 2629 658 2678 item.
695 2626 782 2684 Quam
792 2632 857 2670 vem

39 2698 169 2763 referat,
186 2702 263 2767 quod
275 2700 336 2753 fieri
346 2705 451 2767 potest,
473 2714 556 2765 quam
567 2697 595 2749 id
595 2708 690 2814 lpazepe
702 2692 760 2742 fiat·
796 2687 859 2765 Eg⁰
