2084 3025
202 75 238 131 32
262 89 266 102 ¹
380 71 436 125 DE
454 69 626 124 NATURA
642 66 825 122 DEORUM
850 79 863 112 κ

203 193 266 232 reru
275 176 305 227 in
315 174 394 227 coelo
404 173 583 225 Academiam
594 187 706 224 neccsse
721 177 773 224 cst.
805 171 842 224 Si
852 172 928 224 cn'im
939 173 1021 228 nibil

203 249 279 302 lutor
288 244 379 297 Deum
388 248 418 295 et
427 242 518 294 Deum
530 241 640 304 dillert3
651 242 729 293 nullu
738 247 781 293 est
792 241 866 307 apud
877 242 957 293 Deos
971 261 1021 296 co·

246 315 310 376 'tio,
328 312 407 363 nulla
420 311 573 378 perceptio.
609 309 653 362 81.
664 312 747 373 Quid,
757 311 783 361 si
792 312 888 374 etiam,
907 309 1022 376 Vellei,

219 384 308 435 nisum
318 381 390 433 illud
401 381 513 442 omnino
525 385 583 441 est,
601 380 706 430 nullum
716 381 802 432 aliam
811 380 892 431 nohis
903 380 939 432 ds
948 380 1021 435 Deo

207 451 396 519 cogitantibus
407 450 539 515 speciem,
549 449 604 500 nisi
614 447 734 501 hominis
740 464 894 511 occurrere,
903 456 1021 504 tamen-

207 537 242 574 ne
256 521 313 571 istu
332 526 390 570 tum
411 517 705 571 absurdauelenoest
725 520 814 571 Nobis
830 518 953 572 fortasse
973 522 1022 572 sic

207 589 337 651 occurrit,
351 594 383 639 ut
395 588 479 639 dicis:
500 587 603 649 lovem,
622 589 761 652 lunonem,
777 588 942 650 Minervam,
958 589 1021 643 Ne-

206 666 336 727 ptunum,
356 653 521 721 Vulcanum,
542 658 713 724 Apollinem,
732 656 955 725 reliquosllcos,
982 673 1022 713 oa*

162 765 167 774 „
207 728 281 783 {acic
294 727 435 788 novimus,
454 741 508 793 qun
523 727 645 793 pictorcs
661 729 828 793 lictoresque
846 725 1019 781 voluerunt:

205 795 1019 921 ltltllffl‘tlttl⁶²¹“ll‘lltzllltlffilt

206 879 649 1002 Firmiorcisg'eygim'videasyru'pud
669 950 718 987 eos
735 935 879 1002 opiniones
895 950 960 987 csse
979 935 1020 989 de

205 1004 305 1057 bestiis
317 1003 493 1071 quibusdum,
514 1020 597 1071 quom
615 1004 689 1071 apud
705 1021 756 1057 nos
773 1005 809 1056 (le
824 1005 1019 1058 sanctissimis

152 1078 158 1085 '
206 1073 318 1138 templis
329 1081 358 1123 ct
367 1073 525 1124 simulacris
535 1072 668 1125 Deorum.
688 1074 730 1126 82.
742 1075 854 1125 Etenim
863 1073 932 1125 fona
941 1075 1020 1126 mul-

206 1142 408 1207 inexspoliata
422 1146 452 1191 et
465 1140 617 1191 simulacra
625 1141 750 1190 Deorum
765 1143 799 1191 de
813 1143 884 1193 locis
894 1145 1020 1195 sanctis·

206 1211 286 1263 simis
296 1208 392 1260 oblatu
400 1208 528 1261 videmus
539 1225 556 1259 a
565 1208 683 1259 nostris:
695 1214 801 1261 atvero
811 1224 845 1260 ne
855 1209 942 1262 fundo
954 1214 1019 1280 qui-

177 1283 180 1288 “
207 1281 271 1332 dom
282 1277 408 1329 nuditum
419 1284 470 1339 est,
481 1276 653 1331 crocodilum
664 1283 713 1328 aut
723 1278 792 1329 ibim
802 1284 850 1329 aut
860 1279 946 1332 felem
954 1283 1019 1334 vio-

206 1349 295 1403 latum
306 1349 341 1399 ub
352 1346 500 1415 Aegyptio.
526 1347 599 1409 Quid
609 1347 697 1414 igitur
706 1347 820 1400 censesi
830 1348 1017 1416 Apimillum,

206 1422 334 1470 sunctum
350 1416 552 1483 Aegyptiorum
571 1417 684 1479 bovem,
704 1432 797 1469 nonne
811 1416 901 1484 licum
918 1420 1017 1475 videri

205 1485 371 1556 Aegyptiisl
386 1488 457 1538 Tem
470 1485 572 1549 hercle,
581 1502 663 1556 quam
672 1486 725 1539 tibi
734 1488 812 1540 illam
823 1495 950 1542 nostram
962 1489 1016 1544 So·

206 1558 322 1624 spitum,
337 1572 425 1624 ,quam
435 1562 468 1609 tu
478 1572 627 1624 numquam
640 1573 675 1608 ne
691 1558 720 1608 io
731 1558 836 1609 somnis
847 1559 963 1625 quidem
973 1563 1016 1614 vi·

206 1628 266 1692 des,
280 1628 336 1678 nisi
347 1642 408 1679 cum
417 1627 491 1695 pelle
502 1628 626 1694 caprino,
638 1642 702 1691 cum
710 1626 801 1690 husto,
815 1643 877 1679 cum
888 1631 1015 1695 scutulo,

205 1711 267 1750 cum
279 1696 409 1757 calceolis
421 1696 559 1762 repandis.
595 1699 631 1749 At
641 1711 696 1747 non
712 1703 755 1749 cst
764 1699 831 1749 talis
839 1699 939 1766 Argia,
960 1717 1015 1754 nec

202 1764 331 1822 Romans
348 1767 426 1816 luno.
462 1766 539 1831 Ergo
557 1765 615 1816 elis
634 1769 740 1832 specics
760 1768 872 1819 lunonis
888 1770 1014 1836 Argivis,

204 1835 262 1888 nlin
270 1833 432 1895 Lanuvinis,
443 1834 501 1884 olio
510 1835 600 1886 nobis.
629 1836 666 1885 Et
676 1836 786 1901 quidem
797 1836 855 1889 ulia
865 1839 947 1890 nobis
960 1841 1015 1892 Cn·

202 1901 331 1971 pitolini,
351 1902 410 1952 elia
423 1900 499 1952 Afris
508 1904 650 1954 Ammonis
661 1905 744 1959 lovis.
781 1906 870 1958 xxii.
889 1907 934 1960 83.
945 1908 1013 1960 Non

202 1971 288 2040 pudet
297 1970 386 2038 igitur
394 1968 550 2037 physicum,
571 1972 662 2036 idest,
681 1976 883 2041 speculatorem
894 1984 1014 2031 venato·

202 2054 317 2107 remque
330 2045 445 2091 naturae
460 2042 494 2092 ub
511 2042 612 2095 animis
623 2044 822 2097 consuetudine
836 2046 955 2111 imbutis
965 2062 1013 2116 pe·

201 2114 263 2161 tere
279 2108 470 2161 testimonium
485 2112 630 2163 veritatisl
652 2114 710 2164 lsto
725 2115 799 2166 enim
816 2115 901 2167 modo
914 2116 1012 2170 dicens

202 2177 309 2239 licebit,
319 2177 412 2229 lovem
422 2194 538 2247 semper
552 2181 712 2245 barbatum,
729 2184 886 2249 Apollinem
898 2201 1013 2255 semper

201 2246 365 2309 imberbem,
387 2248 494 2309 caesios
505 2253 603 2304 oculos
614 2252 770 2313 Minervae,
790 2255 936 2307 coeruleos
948 2270 1013 2308 esse

203 2313 338 2381 Neptuni.
374 2316 412 2367 Et
425 2319 536 2385 quidem
551 2321 667 2373 Athenis
687 2320 833 2373 laudemus
849 2322 983 2377 Vulcano
1023 2320 1025 2329 '

32 2446 36 2455 ἱ
120 2399 122 2403 ·
200 2397 276 2447 cuni,
286 2399 367 2504 (inem
378 2385 447 2438 iecit
457 2388 631 2442 Alcamenes:
650 2391 680 2441 in
691 2406 744 2457 qno
754 2398 856 2454 stante,
868 2399 986 2461 stqcev

147 2460 153 2467 ·
200 2452 283 2516 stitn,
307 2454 397 2509 cviter
408 2460 757 2524 sppmctclnudicstionon
765 2459 911 2514 deformis.
928 2463 983 2516 Cla

205 2518 272 2574 dum
278 2522 369 2589 igitur
377 2524 539 2580 babebimus
544 2528 642 2589 Donni,
653 2530 781 2595 quonium
788 2529 822 2581 (lo
833 2529 965 2584 Vulcano
971 2534 997 2586 si

199 2592 373 2661 necopinum
391 2597 449 2665 Ago
460 2605 488 2651 et
499 2596 544 2650 his
551 2597 694 2651 vocabulis
703 2598 780 2652 llcos
791 2615 852 2654 esse
861 2600 970 2654 focium
