2084 3025
200 114 238 171 oo
280 138 283 145 ,
483 72 693 168 ¹nimius
777 98 790 163 ’.

200 204 482 278 modumhaecliant,
502 204 1007 284 quamquemadmodumhisresista·

200 292 257 355 tur.
266 304 269 307 ·
279 286 323 338 42.
334 287 473 351 Quorsum
484 284 570 338 haec?
590 287 665 348 Quia
674 289 733 339 sine
744 288 829 339 sociis
839 303 922 339 nemo
935 283 1006 354 quid·

54 390 59 399 ·
121 383 125 391 *
201 371 283 425 quam
293 356 488 409 taleconatur.
524 355 754 424 Praecipiendum
767 357 910 425 estigitur
919 355 1006 419 bonis,

200 433 247 489 ut,
258 427 292 485 ¹si
306 426 334 475 in
349 424 487 478 eiusmodi
498 426 636 479 amicitias
646 427 739 495 ignari
752 442 824 478 cusu
835 427 934 493 aliquo
944 423 1007 477 inei·

200 495 302 558 derint,
321 511 356 548 ne
367 495 542 559 existiment,
562 496 644 557 itare
655 496 800 562 alligatos,
819 500 852 546 ut
863 497 900 548 ab
912 493 1007 547 amicis

198 567 229 617 in
247 564 407 631 republica
428 565 608 631 peccantibus
623 580 679 618 non
693 564 851 617 discedant:
872 563 1006 632 improbis

199 641 293 689 antem
309 648 399 700 poena
412 633 563 687 statuenda
574 641 627 686 est:
648 650 700 687 nec
710 649 776 687 vero
788 636 880 686 minor
890 634 943 696 iis,
963 631 1006 699 qui

200 705 313 772 sequuti
324 709 405 754 erunt
415 703 544 766 alterum,
566 718 648 771 quam
660 705 705 768 iis,
723 707 768 771 qui
780 702 835 770 ipsi
845 702 953 756 fuerint
961 703 1006 752 im·

200 774 317 843 pictatis
328 773 420 837 duces.
438 773 508 835 Quis
520 774 624 838 clarior
634 773 663 824 in
674 772 794 826 Graecia
803 771 947 825 Themisti
954 768 1007 833 tle!

201 845 263 912 quis
278 840 437 909 potentiori
457 843 513 907 Qui
533 859 616 910 quum
631 843 787 911 Imperator
803 842 881 895 bello
897 841 1006 894 Persica

200 911 336 966 servitute
347 910 495 979 Graeciam
511 912 673 977 liberasset,
693 910 864 982 propterque
875 910 1006 964 insidiam

171 1010 174 1015 ·
200 983 231 1035 in
246 981 375 1033 exsilium
392 982 493 1034 missus
504 989 591 1045 esset,
610 983 738 1051 ingratae
755 983 866 1049 patriae
878 980 1008 1032 iniuriam

201 1066 258 1104 non
268 1050 344 1113 tulit,
365 1065 447 1117 quam
458 1051 532 1104 ferre
544 1053 671 1105 debuit:
685 1052 767 1104 Fecit
776 1052 860 1115 idem,
881 1049 958 1118 quod
968 1060 1008 1101 xx

202 1119 281 1171 annis
297 1124 362 1171 ante
378 1119 451 1189 apud
467 1137 518 1173 nos
533 1120 640 1175 fecerat
651 1122 825 1175 Coriolanus.
862 1120 920 1171 His
936 1118 1009 1172 adiu·

201 1195 249 1240 tor
259 1194 358 1241 contra
373 1189 494 1256 patriam
511 1190 638 1244 intentus
650 1199 693 1244 est
705 1207 803 1250 nenio.
830 1188 931 1257 ltaque
941 1202 1009 1240 rnor-

202 1263 260 1310 tem
275 1258 330 1309 sibi
346 1266 463 1327 uterquc
479 1261 624 1317 conscivit.
659 1261 704 1314 43.
724 1260 818 1324 Quare
834 1259 902 1311 talis
913 1263 1009 1325 impro·

203 1329 304 1382 horum
324 1330 470 1381 consensio
494 1346 549 1382 non
568 1330 653 1382 modo
671 1326 854 1387 excusatione
870 1328 1009 1381 amicitiae

202 1397 324 1467 tegenda
333 1413 387 1449 non
400 1405 450 1462 est,
462 1399 512 1451 sed
522 1401 617 1468 potius
627 1401 705 1452 omisi
721 1399 859 1467 supplicio
870 1398 1010 1449 vindican-

203 1468 254 1522 da:
275 1474 353 1521 utne
369 1469 431 1537 quis
447 1469 502 1521 sibi
517 1484 680 1524 concessum
697 1476 790 1538 putet,
809 1470 949 1531 amicum,
970 1464 1011 1519 rel

175 1578 180 1586 ,
203 1539 307 1592 bellum
321 1540 430 1605 patrias
441 1538 618 1604 inferentem,
630 1541 717 1608 sequi.
740 1537 837 1603 'Quod
850 1537 973 1606 quidem,
982 1543 1011 1588 ut

168 1617 173 1630 “
202 1624 249 1662 res
260 1609 352 1675 coepit
362 1605 413 1678 irc,
435 1607 510 1661 haud
519 1611 597 1674 scio,
619 1626 654 1664 aa
665 1609 816 1677 aliquando
828 1606 957 1660 futurum
968 1607 1010 1658 sit.

203 1678 277 1731 Mihi
289 1685 382 1730 autem
392 1694 448 1730 non
458 1680 560 1742 nrinori
575 1696 660 1731 curae
670 1687 727 1741 cst,
747 1678 838 1746 qualis
853 1677 1011 1744 respublica

224 1754 269 1800 ost
280 1755 398 1800 mortem
409 1764 501 1801 meam
513 1748 609 1801 futura
619 1749 664 1811 sit,
675 1764 757 1816 quam
768 1747 860 1814 qualis
869 1746 956 1798 hodie
967 1746 1011 1798 sit.

244 1820 277 1870 ll.
295 1816 339 1869 44.
358 1817 437 1870 Haeo
452 1818 540 1886 igitur
550 1819 640 1886 prima
650 1818 697 1871 lex
709 1817 850 1869 amicitiae
860 1816 1011 1876 sanciatur,

203 1892 237 1938 ut
248 1889 283 1939 ab
295 1885 392 1938 amicis
404 1887 521 1950 honesta
531 1895 668 1955 petamus,
688 1877 840 1938 amiedum
853 1901 958 1938 caussa
968 1882 1012 1936 ho·

203 1962 285 2012 nesta
295 1956 442 2008 iaciamus:
462 1973 497 2010 ne
510 1964 703 2030 exspectemus
714 1955 839 2025 quidem,
856 1953 926 2006 dum
935 1968 1012 2022 roge·

204 2040 279 2078 mur:
301 2021 425 2077 studium
437 2041 546 2095 semper
556 2027 642 2088 adsit,
662 2025 800 2079 cunctatio
813 2025 903 2078 absit:
926 2022 1011 2075 cousi·

203 2094 271 2147 lium
283 2107 349 2146 tero
362 2094 427 2147 dare
439 2098 609 2163 gaudeamus
620 2097 719 2150 libere:
741 2095 895 2163 plurimum
907 2094 937 2145 in
949 2090 1010 2145 ami·

204 2163 273 2216 citla
283 2165 435 2216 amicorum
456 2167 527 2219 bene
542 2166 718 2219 suadentium
732 2166 826 2218 valeat
841 2164 1010 2216 auctoritas:

204 2249 291 2300 eaque
303 2240 332 2284 et
343 2233 510 2288 adhibeatur
519 2237 559 2291 ad,
570 2237 734 2288 monendum
746 2251 800 2287 non
811 2234 898 2286 modo
910 2237 1011 2301 aperte,

111 2339 115 2356 .
203 2304 355 2423 sedtetiam
366 2305 485 2371 acriter,
506 2306 531 2357 si
546 2322 591 2358 res
602 2306 759 2376 postulabit
767 2311 796 2359 et
806 2303 954 2358 adhibitae
969 2315 1011 2371 pa·
1035 2319 1036 2336 ¹

196 2386 252 2425 >rea
267 2389 308 2425 ur.
406 2401 421 2430 r

256 2440 301 2492 45.
320 2442 391 2493 Nam
400 2443 587 2514 buibusdam,
608 2459 678 2513 quos
689 2445 771 2498 audio
783 2444 928 2511 sapientes
939 2437 1012 2493 hahi-
1035 2503 1036 2506 Ἴ

128 2531 132 2536 ·
204 2515 251 2561 tos
261 2510 290 2560 in
301 2510 433 2576 Graecia,
450 2513 592 2579 placuisse
605 2516 704 2583 opinor
713 2515 855 2567 mirabilia
867 2511 1011 2582 quaedam.
1035 2509 1036 2528 ³

206 2575 262 2627 Sed
273 2577 344 2629 nihil
356 2585 411 2642 est,
433 2583 507 2648 quod
522 2585 567 2635 illi
582 2600 637 2637 non
653 2591 856 2654 persequantur
865 2583 925 2634 suis
936 2595 1012 2648 argu·

119 2656 127 2664 ·
206 2644 254 2696 tiis
271 2648 414 2715 argutius:
434 2653 538 2721 partim
556 2654 703 2725 fugiendas
721 2671 783 2710 esse
803 2653 906 2708 nimias
921 2647 1010 2706 amici·
