2084 3025
259 174 587 231 consolatum.
696 219 699 227 ,
772 172 823 227 453

20 278 117 348 >erati
139 295 220 347 quem
235 280 396 346 repentinus
416 294 495 331 casus
514 280 675 346 perturbat,
693 277 826 344 impellit,

20 351 133 411 eres-tit,
148 350 195 416 qui
204 347 275 400 nibil
285 364 353 415 pree
363 349 470 400 deloris
480 347 679 414 magnitudine,
691 349 825 417 cogitare,
870 396 872 403 ,

20 419 86 472 nibil
97 419 232 469 meditari
243 417 343 486 queatt
362 419 412 484 qui
421 416 492 468 nibil
503 418 533 468 in
545 434 575 468 se
585 418 660 483 ipso:
681 417 709 466 in
720 426 827 482 tempo·

20 491 95 542 ribus
102 493 188 554 mpure
199 488 228 538 in
241 487 368 548 fortuna,
388 502 459 554 quae
470 487 637 539 stabilitatis
648 484 715 537 nibil
731 485 824 548 babet,

19 574 59 611 ma
71 562 164 625 ponat
176 557 284 608 omnini
307 558 368 623 Ego
380 571 446 608 rero
456 555 539 608 istem
549 573 606 607 non
615 555 698 606 modo
709 558 825 607 servitu·

19 644 80 690 em,
92 625 144 677 scd
154 638 241 691 paene
254 626 452 692 captivitatem,
470 632 498 678 et
509 626 619 692 quidem
630 626 824 687 miserrimam,
900 684 904 691 ,

19 695 182 750 κιιευοτίιη.
193 692 266 756 oute
278 697 352 746 enim
362 695 480 749 interest
490 696 563 747 inter
573 711 644 757 eum,
657 695 703 761 qui
713 694 824 745 rinctus

19 768 45 820 sb
54 763 203 824 hostibus,
224 771 252 814 et
262 764 420 815 carceribus
432 762 586 826 conclusus,
599 765 776 825 obsideatur,
795 769 824 816 et

19 851 90 896 euris,
100 833 151 899 qui
159 832 256 884 datore
267 840 374 900 captus,
392 848 443 884 suo
455 849 570 900 prorsus
582 840 676 887 carcat
687 830 825 884 arbitriol

19 907 44 958 lt
54 904 115 956 ille
126 901 246 970 quidem,
264 904 317 954 etsi
328 917 444 969 corpore
454 903 568 965 serviat,
581 905 676 955 anime
686 909 780 954 tamen
791 903 825 953 li»

19 992 63 1028 ter
76 978 131 1033 cst,
144 987 195 1024 ncc
207 971 317 1024 dubitat
329 971 477 1039 aliquando
487 973 558 1034 fore,
568 980 599 1025 ut
610 973 770 1025 libertatem
782 987 825 1023 as·

18 1048 163 1113 equatur:
176 1041 224 1109 qui
234 1057 300 1094 vero
313 1042 405 1092 dolori
416 1056 503 1108 paret,
513 1054 565 1116 nec
576 1043 650 1094 valet
660 1056 784 1108 corpore,
795 1047 826 1093 et

18 1116 113 1167 mimo
126 1126 207 1177 quum
220 1112 339 1163 maxinre
351 1111 469 1163 laboret.
488 1112 551 1164 Non
563 1113 634 1165 enim
647 1112 747 1164 amicis
758 1110 826 1174 lrui,

18 1199 73 1236 ross
89 1180 261 1245 reipublicae
278 1179 427 1247 prodesse,
443 1196 501 1233 non
513 1183 638 1248 privatas
652 1197 697 1234 res
718 1195 826 1243 curere,

17 1270 72 1306 ron
83 1250 205 1317 publicis
215 1250 358 1302 consulere
368 1256 470 1317 potest.
499 1249 824 1317 ltainotio,ctquidem

18 1320 226 1381 molestissimo,
244 1335 295 1371 nee
305 1316 433 1386 ediquem
444 1328 538 1387 paret,
559 1327 588 1373 et
599 1327 691 1372 tamen
702 1321 757 1371 sibi
768 1312 825 1369 non

18 1395 150 1460 Imperat.
185 1389 239 1451 oui
251 1404 332 1456 quum
350 1390 470 1441 assiduis
486 1397 515 1442 et
534 1391 662 1440 maximis
682 1395 825 1456 prematur

17 1454 171 1529 sngnstiis,
181 1458 301 1509 ¹alterum
314 1474 374 1510 esse
391 1474 503 1511 necesse
518 1465 576 1521 cst,
597 1466 637 1522 ut,
650 1458 783 1527 quamdiu
795 1456 825 1508 in

17 1533 119 1586 lolore
131 1535 267 1592 versatur,
277 1543 386 1595 semper
397 1528 480 1580 miser
491 1529 541 1579 sit:
562 1529 682 1581 alterum
692 1528 755 1581 fieri
765 1527 826 1579 nul·

17 1605 37 1656 lo
53 1597 144 1653 ruodo
154 1604 263 1665 potest,
284 1606 323 1660 ut,
347 1587 403 1649 nisi
418 1596 513 1649 dolere
529 1597 649 1660 desinat,
670 1613 687 1650 a
706 1595 826 1650 miseriis

17 1672 170 1726 exinratur.
206 1665 317 1729 Quanto
329 1666 482 1734 sapientius
493 1666 664 1734 Xenophon,
676 1668 731 1734 qui,
743 1680 827 1731 quum

17 1755 101 1796 sacra
112 1737 262 1789 sollemnia
276 1743 437 1803 perageret,
448 1737 638 1805 maioremque
653 1743 721 1787 natu
735 1735 826 1785 lilium

17 1830 39 1864 n
55 1807 166 1877 praelio
177 1806 251 1873 apud
266 1806 437 1858 Mantineam
453 1806 589 1858 cecidisse
603 1806 726 1867 audiret,
745 1817 826 1855 coro·

17 1894 83 1935 ram
91 1883 201 1928 tantum
213 1892 228 1928 e
239 1877 330 1943 cupite
343 1875 480 1942 deposuit,
491 1876 542 1926 sed
553 1876 582 1925 in
595 1876 684 1927 sacris
692 1888 827 1941 peragen-

17 1952 60 2003 lis
74 1952 235 1999 constanter
245 1945 378 2011 perstitit.
406 1944 459 1996 Ubi
470 1960 536 1995 vero
548 1944 692 2012 cognorit,
711 1943 827 1995 fortiter

17 2021 187 2086 >regnantem
203 2014 353 2076 occidisse,
372 2028 503 2066 coronam
519 2029 615 2064 rursus
630 2013 716 2079 capiti
736 2014 826 2078 impc-

17 2089 83 2149 ruit,
89 2086 220 2152 Deosque
230 2084 420 2151 ipsos,quibus
430 2084 576 2144 litabatur,
584 2089 703 2134 testatus
709 2090 762 2143 est,
769 2097 827 2132 ma·

17 2172 107 2214 ,orent
118 2170 149 2207 se
160 2171 196 2208 ex
210 2154 265 2205 lilii
281 2153 385 2205 virtute
396 2152 584 2219 voluptatem,
604 2168 686 2218 quam
698 2168 733 2204 ex
744 2151 825 2201 obitu
843 2191 850 2206 ,

17 2224 176 2282 nolentiam
187 2224 305 2291 cepisse.
341 2222 416 2273 Huic
431 2236 482 2289 ego
502 2238 558 2272 nun
572 2220 739 2282 dubitarim,
757 2219 824 2285 quin

17 2293 121 2356 rosula,
139 2306 325 2361 quaecumque
333 2291 462 2347 accidere
472 2297 584 2359 possent
595 2291 623 2341 in
634 2291 701 2352 vita,
717 2289 825 2340 nullam

17 2369 112 2423 issent
124 2363 361 2429 perturbationem
373 2361 501 2412 allatura.
539 2359 593 2422 Qui
603 2360 677 2412 enim
690 2373 777 2426 usquc
788 2371 823 2409 eo

17 2456 40 2489 n
54 2435 182 2486 Deorum
194 2432 271 2486 cultu
283 2437 415 2482 constans
426 2436 457 2484 et
470 2429 567 2480 firmus
584 2436 673 2491 esset,
690 2435 723 2488 ut
735 2443 824 2495 neque

17 2505 69 2560 ilii
82 2514 176 2554 morte
192 2499 320 2553 nubtieta
335 2499 369 2552 ab
387 2499 422 2554 iis
436 2499 675 2566 avocariposset,
694 2514 742 2552 our
761 2512 825 2550 oum
888 2527 891 2532 ,

17 2572 131 2630 merlam
145 2571 198 2624 lilii
209 2576 299 2623 nrurte
315 2569 434 2637 lugenda
449 2569 600 2622 elicorum
615 2567 759 2620 voluntate
770 2567 825 2617 dis·

17 2647 162 2699 sensurum
180 2638 283 2693 fuisset
303 2643 355 2692 aut
365 2638 411 2708 qui
423 2640 570 2702 virtutem,
592 2638 646 2690 tilii
661 2638 736 2690 ritae
748 2642 826 2690 erute·

17 2716 114 2776 ferret,
134 2726 190 2766 non
200 2710 259 2764 iure
271 2708 346 2763 credi
356 2709 456 2780 possit,
474 2709 555 2762 illum
566 2713 595 2763 et
606 2705 721 2764 virtutis
731 2704 825 2759 studlo

462 2953 481 2980 Ι
542 2967 546 2972 .
